2090 3158
380 174 500 215 XIV.
545 173 691 214 ΠΕΡΙ
719 173 842 214 ΤΗΣ
874 167 1012 214 10:1⁰
1040 172 1462 215 ΑΝΤΙΠΑΘΕΙΑΝ
1492 172 1743 218 ΜΙΞΕῼΣ.
1837 171 1911 223 43

327 307 412 374 (8)
445 307 517 359 Τὸ
544 303 603 359 δὲ
628 308 956 376 βακχειακὸν
981 307 1218 359 σπάνιόν
1242 304 1410 375 ἐστιν,
1436 307 1591 375 ὥστε,
1615 309 1667 359 εἰ
1687 308 1782 360 καί
1802 308 1911 359 πού

214 407 346 441 ποτε
372 387 614 457 ἐμπέσοι,
641 387 727 441 ἐπὶ
752 390 931 457 βραχὺ
964 388 1340 457 εὑρίσκεσθαι,
1374 381 1496 441 οἷον
1525 386 1796 458 (Aeschyl.
1814 386 1910 458 23)

439 468 467 522 ὁ
507 477 710 540 ταῦρος
749 468 800 522 δ’
844 468 1023 523 ἔοικεν
1060 468 1308 539 κυρίξειν
1344 468 1501 538 Ἰ-τιν’
1551 469 1726 539 ἀρχὰν

438 552 764 620 φθάσαντος
803 550 849 604 δ’
889 549 971 604 ἐπ’
1010 549 1194 620 ἔργοις
1230 553 1645 621 προπηδήσεταί
1673 572 1766 604 νιν
1788 551 1911 619 —†

335 636 588 686 Τοσαῦτα
617 633 741 703 περὶ
781 643 892 685 τῶν
932 631 1094 685 ἐννέα
1123 642 1235 686 τῶν
1264 634 1576 700 μονοειδῶν
1606 633 1696 685 καὶ
1729 631 1912 700 ὁμοιο-
1937 657 1955 689 5

214 715 394 767 ειδῶν.

987 847 1132 900 XIV.

437 950 603 1021 Περὶ
643 960 751 1020 τῆς
789 950 918 1004 κατ’
967 951 1409 1004 ἀντιπάθειαν
1447 951 1694 1018 μίξεως.

324 1071 407 1139 (1)
456 1075 561 1139 Τῆς
601 1067 662 1123 δὲ
697 1069 812 1123 κατ’
845 1069 1213 1123 ἀντιπάθειαν
1244 1069 1438 1137 μίξεως
1470 1078 1578 1123 νῦν
1610 1071 1676 1123 τὰ
1707 1073 1910 1123 πυκνό-

211 1172 344 1204 τατα
382 1154 839 1222 παραθησόμεθα.
1937 1176 1979 1208 10

81 1237 178 1296 [83]
317 1232 900 1303 Ἐπιχοριαμβικὸν
949 1230 1052 1300 μὲν
1103 1229 1207 1286 οὖν
1253 1235 1313 1286 τὸ
1362 1235 1662 1303 Σαπφικὸν
1713 1234 1911 1286 καλού-

213 1334 384 1384 μενον
424 1313 920 1383 ἑνδεκασύλλαβον,
961 1308 1084 1368 οἷον
1124 1313 1348 1385 (Sapph.
1386 1313 1440 1386 1)

438 1395 835 1466 Ποικιλόθρον’
883 1395 1115 1449 ἀθανάτ’
1174 1395 1486 1466 Ἀφρόδιτα·

124 1487 180 1527 44
212 1485 376 1531 τοῦτο
430 1476 490 1531 δὲ
541 1479 642 1546 τὴν
692 1479 793 1547 μὲν
842 1479 1066 1547 πρώτην
1125 1481 1392 1546 συζυγίαν
1450 1476 1559 1547 ἔχει
1614 1480 1911 1548 τροχαϊκὴν

214 1558 485 1629 ἑξάσημον
524 1560 556 1629 ἢ
597 1559 932 1628 ἑπτάσημον,
980 1561 1081 1628 τὴν
1121 1556 1182 1612 δὲ
1222 1559 1489 1629 δευτέραν
1528 1562 1910 1628 χοριαμβικήν,
1935 1583 1976 1615 15

211 1642 313 1709 τὴν
354 1638 414 1694 δὲ
454 1642 780 1694 κατακλειὸα
814 1641 866 1705 ἐξ
910 1642 1110 1710 ἰάμβου
1143 1642 1233 1693 καὶ
1269 1651 1364 1710 τῆς
1396 1641 1732 1711 ἀδιαφόρου·
1774 1643 1908 1695 ὥστε

212 1717 356 1775 εἶναι
394 1724 461 1775 τὰ
499 1723 677 1775 παντα
717 1723 819 1776 δύο
853 1725 1098 1792 σχήματα
1129 1724 1253 1792 περὶ
1285 1725 1386 1792 τὴν
1417 1724 1681 1792 τετάρτην
1714 1727 1909 1777 συλλα-

211 1807 342 1873 βήν,
382 1813 454 1872 πῆ
496 1805 597 1871 μὲν
635 1807 899 1875 βραχεῖαν
938 1804 1255 1874 γινομένην,
1294 1813 1367 1873 πῆ
1410 1806 1471 1858 δὲ
1508 1806 1738 1874 μακραν.
1806 1806 1910 1858 θοί-

211 1906 373 1956 τερον
410 1906 512 1954 μεν
551 1882 656 1939 οὖν
695 1894 889 1956 σχῆμα,
930 1887 990 1939 τὸ

436 1967 862 2038 Ποικιλόθρον’
902 1967 1147 2020 ἀθανατ’
1185 1967 1479 2037 Άφρόόιτα
1935 1992 1977 2022 20

210 2051 515 2118 πρόκειται·
555 2049 798 2117 θάτερον
837 2049 902 2102 δέ
938 2047 1161 2119 (Sapph.
1206 2050 1252 2119 1,
1285 2048 1342 2119 ὃ)

436 2130 575 2183 ἀλλὰ
613 2130 766 2183 τυι’δ’
803 2129 934 2183 ἔλθ’
973 2136 1037 2183 αἴ
1067 2150 1207 2183 ποτα
1246 2130 1543 2199 κάτέρωτα·

332 2282 357 2319 5
385 2275 574 2332 ὁμοειδῆ
600 2276 735 2320 Dion.
755 2276 860 2320 Hal.
886 2277 943 2320 de
970 2290 1117 2333 comp.
1144 2276 1266 2320 verb.
1300 2291 1335 2320 c.
1357 2281 1411 2319 26
1436 2292 1480 2334 p.
1504 2282 1690 2333 136‚14;
1717 2278 1773 2322 cf.
1794 2278 1906 2321 Mar.

213 2335 412 2379 Vict.V1
438 2341 508 2390 64,
526 2340 716 2379 25-29.
761 2336 837 2379 Ax.
866 2335 1022 2389 Quint.
1049 2341 1159 2391 36‚9
1184 2338 1198 2393 ΙΙ
1224 2341 1249 2379 9
1282 2334 1385 2380 κατ’
1415 2336 1734 2381 ἀντιπάθειαι)
1767 2337 1908 2393 μέτρα

213 2394 298 2439 δύο
331 2395 406 2438 Ax.
442 2394 597 2447 Quint.
630 2411 675 2451 p.
703 2400 772 2448 36,
794 2400 861 2438 15.
918 2395 1032 2440 Mar.
1066 2395 1186 2439 Viot.
1213 2395 1276 2438 VI
1304 2400 1402 2449 102,
1430 2400 1454 2439 9
1474 2411 1573 2451 sqq.
1640 2396 1755 2440 Mar.
1788 2397 1907 2440 Plot.

212 2453 275 2496 VI
301 2458 399 2506 546,
421 2461 443 2498 1
481 2457 495 2510 ΙΙ
533 2460 584 2497 11
620 2455 876 2510 Σαπφικόν
910 2454 1306 2513 ἑνδεκασύλλαβον
1339 2455 1480 2499 schol.
1515 2455 1752 2511 Axistoph.
1785 2456 1905 2500 Nub.

216 2518 328 2556 1303
362 2513 582 2570 (Heliod.)
620 2516 634 2570 ΙΙ
674 2519 729 2556 22
762 2513 903 2557 Prisc.
939 2513 1024 2557 GL
1057 2514 1098 2557 II
1130 2519 1282 2567 28,15

333 2637 359 2674 3
409 2631 529 2676 ἔοικε
575 2633 621 2676 A
679 2634 684 2687 Ι
742 2630 944 2687 κυριξειν
984 2632 1147 2687 Turn.‚
1203 2633 1420 2689 κηρύξειν
1461 2634 1531 2686 A,
1587 2631 1788 2689 κυρίζειν
1836 2635 1902 2676 Ι1

212 2687 305 2733 τίν’
333 2693 368 2734 Ι
406 2693 420 2747 ΙΙ
469 2695 523 2734 12
557 2689 659 2735 οἷον
692 2706 779 2735 om.
815 2693 846 2734 I
880 2694 894 2747 ΙΙ
937 2697 989 2735 13
1023 2690 1341 2747 ποικιλόφρων
1375 2691 1567 2736 Choer.¹<
1629 2696 1634 2747 Ι
1692 2691 1900 2736 ἀθανατ’

214 2751 316 2804 ΑΙ,
363 2747 574 2794 ἀθανατ’
614 2752 670 2794 Η
722 2753 726 2806 Ι
786 2749 1021 2806 ἀφρόὸιτα
1062 2752 1206 2808 scrips
1187 2750 1225 2794 oi
1265 2750 1367 2794 coll.
1403 2750 1561 2795 Choer
1597 2757 1906 2804 85‚19—2·›

214 2806 448 2863 ἀφροδίτα
481 2810 613 2853 codd.
640 2812 654 2865 ΙΙ
682 2814 735 2852 14
768 2810 818 2853 δὲ
853 2825 939 2854 om.
968 2813 1038 2866 ΙΙΙ
1064 2815 1119 2853 20
1154 2809 1388 2866 ἀφροδίτα
1421 2811 1553 2854 codd.
1579 2813 1593 2866 ΙΙ
1619 2816 1673 2854 22
1707 2810 1793 2854 ἐλθ
1827 2813 1870 2872 A

213 2882 324 2968 ῗοτε
358 2870 392 2912 Ι
412 2870 417 2923 Ι
445 2866 680 2923 κάτέρωτα
707 2870 766 2923 Α,
798 2867 902 2912 κατ’
931 2869 1076 2924 ἔρωτα
1110 2871 1156 2922 Ι;
1190 2883 1402 2925 perverse
1436 2869 1594 2914 Choer.
1623 2875 1692 2923 86,
1715 2875 1768 2914 15
1798 2866 1901 2929 κᾷτ’

239 2942 360 2979 emto:
