<?xml version="1.0" encoding="UTF-8"?>
<!DOCTYPE html PUBLIC "-//W3C//DTD XHTML 1.0 Transitional//EN"
    "http://www.w3.org/TR/xhtml1/DTD/xhtml1-transitional.dtd">
<html xmlns="http://www.w3.org/1999/xhtml" xml:lang="en" lang="en">
 <head>
  <title>
</title>
<meta http-equiv="Content-Type" content="text/html;charset=utf-8" />
  <meta name='ocr-system' content='tesseract 3.04.00' />
  <meta name='ocr-capabilities' content='ocr_page ocr_carea ocr_par ocr_line ocrx_word'/>
</head>
<body>
  <div class='ocr_page' id='page_1' title='image "./hephaestionisenc00hephuoft_0301.png"; bbox 0 0 2060 3168; ppageno 0'>
   <div class='ocr_carea' id='block_1_1' title="bbox 754 180 1894 233">
    <p class='ocr_par' dir='ltr' id='par_1_1' title="bbox 754 180 1894 233">
     <span class='ocr_line' id='line_1_1' title="bbox 754 180 1894 233; baseline 0.005 -6"><span class='ocrx_word' id='word_1_1' title='bbox 754 186 841 227; x_wconf 82' lang='lat' dir='ltr'><em>vn</em></span> <span class='ocrx_word' id='word_1_2' title='bbox 871 185 1015 226; x_wconf 76' lang='grc' dir='ltr'>ΠΕΡΙ</span> <span class='ocrx_word' id='word_1_3' title='bbox 1044 183 1348 225; x_wconf 69' lang='grc' dir='ltr'><em>ιΑΜΒιΚοΤ</em></span> <span class='ocrx_word' id='word_1_4' title='bbox 1789 180 1894 233; x_wconf 81' lang='grc'><em>267</em></span> 
     </span>
    </p>
   </div>
   <div class='ocr_carea' id='block_1_2' title="bbox 36 314 2035 2664">
    <p class='ocr_par' dir='ltr' id='par_1_2' title="bbox 36 314 2035 2664">
     <span class='ocr_line' id='line_1_2' title="bbox 316 314 1899 388; baseline -0.002 -16"><span class='ocrx_word' id='word_1_5' title='bbox 316 322 752 388; x_wconf 88' lang='grc' dir='ltr'><em>Μονόμετρον</em></span> <span class='ocrx_word' id='word_1_6' title='bbox 790 319 892 388; x_wconf 80' lang='grc' dir='ltr'><em>μὲν</em></span> <span class='ocrx_word' id='word_1_7' title='bbox 939 314 1042 371; x_wconf 79' lang='grc' dir='ltr'><em>οὖν</em></span> <span class='ocrx_word' id='word_1_8' title='bbox 1083 319 1339 385; x_wconf 84' lang='grc' dir='ltr'><strong><em>ἰαμβικὸν</em></strong></span> <span class='ocrx_word' id='word_1_9' title='bbox 1377 317 1899 386; x_wconf 75' lang='grc' dir='ltr'><em>βραχυκατάληκτον</em></span> 
     </span>
     <span class='ocr_line' id='line_1_3' title="bbox 206 418 396 455; baseline 0.005 -2"><span class='ocrx_word' id='word_1_10' title='bbox 206 418 396 455; x_wconf 87' lang='grc' dir='ltr'><em>τουτο·</em></span> 
     </span>
     <span class='ocr_line' id='line_1_4' title="bbox 428 471 1284 545; baseline -0.005 -17"><span class='ocrx_word' id='word_1_11' title='bbox 428 483 536 544; x_wconf 86' lang='grc' dir='ltr'><em>φεῦ</em></span> <span class='ocrx_word' id='word_1_12' title='bbox 577 482 684 544; x_wconf 86' lang='grc' dir='ltr'><em>φεῦ</em></span> <span class='ocrx_word' id='word_1_13' title='bbox 726 473 821 545; x_wconf 88' lang='lat'><em>(=</em></span> <span class='ocrx_word' id='word_1_14' title='bbox 848 473 1036 527; x_wconf 84' lang='lat' dir='ltr'><strong>Choer.</strong></span> <span class='ocrx_word' id='word_1_15' title='bbox 1062 471 1284 543; x_wconf 79' lang='lat'><strong>228,2)·</strong></span> 
     </span>
     <span class='ocr_line' id='line_1_5' title="bbox 205 552 1896 627; baseline -0.004 -17"><span class='ocrx_word' id='word_1_16' title='bbox 205 559 378 610; x_wconf 80' lang='grc' dir='ltr'><em>λείπει</em></span> <span class='ocrx_word' id='word_1_17' title='bbox 424 559 530 626; x_wconf 76' lang='grc' dir='ltr'><em>γὰρ</em></span> <span class='ocrx_word' id='word_1_18' title='bbox 580 557 679 627; x_wconf 83' lang='grc' dir='ltr'><em>ὅλῃ</em></span> <span class='ocrx_word' id='word_1_19' title='bbox 726 557 884 624; x_wconf 80' lang='grc' dir='ltr'><em>βάσει</em></span> <span class='ocrx_word' id='word_1_20' title='bbox 924 556 1061 624; x_wconf 84' lang='grc' dir='ltr'><em>πρὸς</em></span> <span class='ocrx_word' id='word_1_21' title='bbox 1098 555 1160 607; x_wconf 88' lang='grc' dir='ltr'><em>τὸ</em></span> <span class='ocrx_word' id='word_1_22' title='bbox 1201 555 1549 623; x_wconf 79' lang='grc' dir='ltr'><em>μονόμετρον</em></span> <span class='ocrx_word' id='word_1_23' title='bbox 1588 552 1896 622; x_wconf 79' lang='grc' dir='ltr'><strong><em>ἀπαρτίσαι.</em></strong></span> 
     </span>
     <span class='ocr_line' id='line_1_6' title="bbox 206 638 1963 707; baseline -0.002 -16"><span class='ocrx_word' id='word_1_24' title='bbox 206 638 579 707; x_wconf 83' lang='grc' dir='ltr'><em>άκατάληκτον</em></span> <span class='ocrx_word' id='word_1_25' title='bbox 618 639 679 691; x_wconf 79' lang='grc' dir='ltr'><em>δὲ</em></span> <span class='ocrx_word' id='word_1_26' title='bbox 717 641 903 691; x_wconf 87' lang='grc' dir='ltr'><em>τοῦτο·</em></span> <span class='ocrx_word' id='word_1_27' title='bbox 1943 656 1963 688; x_wconf 88' lang='lat'><strong>5</strong></span> 
     </span>
     <span class='ocr_line' id='line_1_7' title="bbox 427 720 806 788; baseline -0.003 -15"><span class='ocrx_word' id='word_1_28' title='bbox 427 727 536 788; x_wconf 84' lang='grc' dir='ltr'><em>φεῦ</em></span> <span class='ocrx_word' id='word_1_29' title='bbox 577 726 684 788; x_wconf 86' lang='grc' dir='ltr'><em>φεῦ</em></span> <span class='ocrx_word' id='word_1_30' title='bbox 728 720 806 773; x_wconf 81' lang='grc' dir='ltr'><em>ἰώ.</em></span> 
     </span>
     <span class='ocr_line' id='line_1_8' title="bbox 202 798 927 869; baseline -0.001 -15"><span class='ocrx_word' id='word_1_31' title='bbox 202 803 597 869; x_wconf 83' lang='grc' dir='ltr'><em>καταληκτικὸν</em></span> <span class='ocrx_word' id='word_1_32' title='bbox 637 798 698 854; x_wconf 74' lang='grc' dir='ltr'><em>δὲ</em></span> <span class='ocrx_word' id='word_1_33' title='bbox 738 808 927 854; x_wconf 88' lang='grc' dir='ltr'><em>τοῦτο·</em></span> 
     </span>
     <span class='ocr_line' id='line_1_9' title="bbox 425 884 651 952; baseline 0 -17"><span class='ocrx_word' id='word_1_34' title='bbox 425 884 651 952; x_wconf 79' lang='grc' dir='ltr'><em>ἄραρεν·</em></span> 
     </span>
     <span class='ocr_line' id='line_1_10' title="bbox 201 962 1895 1033; baseline -0.002 -16"><span class='ocrx_word' id='word_1_35' title='bbox 201 965 279 1027; x_wconf 82' lang='grc' dir='ltr'><em>εἰς</em></span> <span class='ocrx_word' id='word_1_36' title='bbox 316 965 601 1033; x_wconf 87' lang='grc' dir='ltr'><em>συλλαβὴν</em></span> <span class='ocrx_word' id='word_1_37' title='bbox 640 965 742 1032; x_wconf 81' lang='grc' dir='ltr'><em>γὰρ</em></span> <span class='ocrx_word' id='word_1_38' title='bbox 783 972 878 1033; x_wconf 81' lang='grc' dir='ltr'><em>τῆς</em></span> <span class='ocrx_word' id='word_1_39' title='bbox 915 966 1228 1024; x_wconf 80' lang='grc' dir='ltr'><em>τελευταίας</em></span> <span class='ocrx_word' id='word_1_40' title='bbox 1266 963 1445 1031; x_wconf 83' lang='grc' dir='ltr'><em>χώρας</em></span> <span class='ocrx_word' id='word_1_41' title='bbox 1484 965 1652 1032; x_wconf 81' lang='grc' dir='ltr'><em>λήγει.</em></span> <span class='ocrx_word' id='word_1_42' title='bbox 1729 962 1895 1030; x_wconf 89' lang='grc' dir='ltr'><em>ὑπερ-</em></span> 
     </span>
     <span class='ocr_line' id='line_1_11' title="bbox 198 1042 1963 1116; baseline -0.001 -17"><span class='ocrx_word' id='word_1_43' title='bbox 198 1047 539 1114; x_wconf 82' lang='grc' dir='ltr'><em>κατάληκτον</em></span> <span class='ocrx_word' id='word_1_44' title='bbox 578 1043 639 1098; x_wconf 75' lang='grc' dir='ltr'><em>δὲ</em></span> <span class='ocrx_word' id='word_1_45' title='bbox 680 1047 752 1108; x_wconf 81' lang='grc' dir='ltr'><em>ὡς</em></span> <span class='ocrx_word' id='word_1_46' title='bbox 790 1053 954 1098; x_wconf 84' lang='grc' dir='ltr'><em>τοῦτο</em></span> <span class='ocrx_word' id='word_1_47' title='bbox 997 1043 1221 1116; x_wconf 82' lang='lat' dir='ltr'><strong>(Archil.</strong></span> <span class='ocrx_word' id='word_1_48' title='bbox 1255 1042 1372 1115; x_wconf 91' lang='lat'>94)·</span> <span class='ocrx_word' id='word_1_49' title='bbox 1920 1065 1963 1097; x_wconf 88' lang='lat'><em>10</em></span> 
     </span>
     <span class='ocr_line' id='line_1_12' title="bbox 421 1127 918 1195; baseline -0.002 -16"><span class='ocrx_word' id='word_1_50' title='bbox 421 1127 591 1195; x_wconf 89' lang='grc' dir='ltr'><em>πάτερ</em></span> <span class='ocrx_word' id='word_1_51' title='bbox 634 1127 918 1195; x_wconf 85' lang='grc' dir='ltr'><em>Λυκάμβα.</em></span> 
     </span>
     <span class='ocr_line' id='line_1_13' title="bbox 203 1207 1894 1278; baseline -0.001 -18"><span class='ocrx_word' id='word_1_52' title='bbox 203 1207 232 1276; x_wconf 87' lang='grc' dir='ltr'><em>ἡ</em></span> <span class='ocrx_word' id='word_1_53' title='bbox 264 1208 369 1276; x_wconf 81' lang='grc' dir='ltr'><em>γὰρ</em></span> <span class='ocrx_word' id='word_1_54' title='bbox 403 1209 629 1261; x_wconf 80' lang='grc' dir='ltr'><em>διποὸία</em></span> <span class='ocrx_word' id='word_1_55' title='bbox 659 1215 767 1260; x_wconf 91' lang='grc' dir='ltr'><em>νῦν</em></span> <span class='ocrx_word' id='word_1_56' title='bbox 798 1215 895 1278; x_wconf 79' lang='grc' dir='ltr'><em>μιᾷ</em></span> <span class='ocrx_word' id='word_1_57' title='bbox 926 1209 1210 1272; x_wconf 78' lang='grc' dir='ltr'><em>πλεονάζει</em></span> <span class='ocrx_word' id='word_1_58' title='bbox 1244 1209 1506 1276; x_wconf 79' lang='grc' dir='ltr'><em>συλλαβῇ.</em></span> <span class='ocrx_word' id='word_1_59' title='bbox 1561 1212 1615 1259; x_wconf 84' lang='lat' dir='ltr'><em>A</em></span> <span class='ocrx_word' id='word_1_60' title='bbox 1626 1210 1894 1275; x_wconf 85' lang='grc' dir='ltr'><em>ι’μετρον</em></span> 
     </span>
     <span class='ocr_line' id='line_1_14' title="bbox 197 1286 1680 1360; baseline -0.001 -18"><span class='ocrx_word' id='word_1_61' title='bbox 197 1289 276 1358; x_wconf 73' lang='grc' dir='ltr'><em>δέ,</em></span> <span class='ocrx_word' id='word_1_62' title='bbox 315 1290 836 1359; x_wconf 85' lang='grc' dir='ltr'><em>βραχυκατάληκτον</em></span> <span class='ocrx_word' id='word_1_63' title='bbox 874 1290 975 1359; x_wconf 79' lang='grc' dir='ltr'><em>μὲν</em></span> <span class='ocrx_word' id='word_1_64' title='bbox 1014 1297 1177 1342; x_wconf 89' lang='grc' dir='ltr'><em>τοῦτο</em></span> <span class='ocrx_word' id='word_1_65' title='bbox 1219 1287 1370 1360; x_wconf 83' lang='lat' dir='ltr'><strong>(Eur.</strong></span> <span class='ocrx_word' id='word_1_66' title='bbox 1396 1287 1596 1341; x_wconf 86' lang='lat' dir='ltr'><strong>Phoen.</strong></span> <span class='ocrx_word' id='word_1_67' title='bbox 1622 1286 1680 1358; x_wconf 81' lang='lat'><em>3)</em></span> 
     </span>
     <span class='ocr_line' id='line_1_15' title="bbox 409 1370 1034 1439; baseline -0.002 -15"><span class='ocrx_word' id='word_1_68' title='bbox 409 1370 585 1439; x_wconf 65' lang='lat' dir='ltr'><em>‘&#39;Hi-w,</em></span> <span class='ocrx_word' id='word_1_69' title='bbox 624 1377 788 1434; x_wconf 81' lang='grc' dir='ltr'><strong><em>θοαῖς</em></strong></span> <span class='ocrx_word' id='word_1_70' title='bbox 827 1371 1034 1433; x_wconf 81' lang='grc' dir='ltr'><em>ἵπποις·</em></span> 
     </span>
     <span class='ocr_line' id='line_1_16' title="bbox 197 1451 1959 1524; baseline -0.001 -18"><span class='ocrx_word' id='word_1_71' title='bbox 197 1453 308 1524; x_wconf 77' lang='grc' dir='ltr'><em>ὅλῳ</em></span> <span class='ocrx_word' id='word_1_72' title='bbox 357 1454 460 1522; x_wconf 76' lang='grc' dir='ltr'><em>γὰρ</em></span> <span class='ocrx_word' id='word_1_73' title='bbox 508 1451 640 1506; x_wconf 81' lang='grc' dir='ltr'><em>ποδὶ</em></span> <span class='ocrx_word' id='word_1_74' title='bbox 689 1454 862 1505; x_wconf 83' lang='grc' dir='ltr'><em>λείπει</em></span> <span class='ocrx_word' id='word_1_75' title='bbox 909 1453 987 1516; x_wconf 82' lang='grc' dir='ltr'><em>εἰς</em></span> <span class='ocrx_word' id='word_1_76' title='bbox 1038 1454 1435 1522; x_wconf 79' lang='grc' dir='ltr'><em>συμπλήρωσιν</em></span> <span class='ocrx_word' id='word_1_77' title='bbox 1481 1460 1576 1520; x_wconf 83' lang='grc' dir='ltr'><em>τῆς</em></span> <span class='ocrx_word' id='word_1_78' title='bbox 1623 1452 1890 1513; x_wconf 80' lang='grc' dir='ltr'><em>διποδίας.</em></span> <span class='ocrx_word' id='word_1_79' title='bbox 1917 1473 1959 1505; x_wconf 88' lang='lat'><em>15</em></span> 
     </span>
     <span class='ocr_line' id='line_1_17' title="bbox 196 1531 1397 1605; baseline -0.002 -18"><span class='ocrx_word' id='word_1_80' title='bbox 196 1534 572 1603; x_wconf 82' lang='grc' dir='ltr'><em>ἀκατάληκτον</em></span> <span class='ocrx_word' id='word_1_81' title='bbox 612 1531 672 1587; x_wconf 74' lang='grc' dir='ltr'><em>δὲ</em></span> <span class='ocrx_word' id='word_1_82' title='bbox 713 1535 785 1596; x_wconf 80' lang='grc' dir='ltr'><em>ὡς</em></span> <span class='ocrx_word' id='word_1_83' title='bbox 822 1542 987 1587; x_wconf 89' lang='grc' dir='ltr'><em>τοῦτο</em></span> <span class='ocrx_word' id='word_1_84' title='bbox 1029 1532 1246 1605; x_wconf 81' lang='lat' dir='ltr'><strong>(Anacr.</strong></span> <span class='ocrx_word' id='word_1_85' title='bbox 1280 1531 1397 1604; x_wconf 80' lang='grc'>89)·</span> 
     </span>
     <span class='ocr_line' id='line_1_18' title="bbox 420 1614 1171 1686; baseline -0.003 -17"><span class='ocrx_word' id='word_1_86' title='bbox 420 1615 525 1686; x_wconf 84' lang='grc' dir='ltr'><em>ἐρῶ</em></span> <span class='ocrx_word' id='word_1_87' title='bbox 565 1636 623 1669; x_wconf 90' lang='grc' dir='ltr'><em>τε</em></span> <span class='ocrx_word' id='word_1_88' title='bbox 663 1617 830 1684; x_wconf 81' lang='grc' dir='ltr'><em>ὃηῦτε</em></span> <span class='ocrx_word' id='word_1_89' title='bbox 868 1615 1005 1668; x_wconf 85' lang='grc' dir='ltr'><em>κούκ</em></span> <span class='ocrx_word' id='word_1_90' title='bbox 1046 1614 1171 1684; x_wconf 81' lang='grc' dir='ltr'><em>ἐρῶ,</em></span> 
     </span>
     <span class='ocr_line' id='line_1_19' title="bbox 416 1692 1625 1767; baseline -0.004 -16"><span class='ocrx_word' id='word_1_91' title='bbox 416 1697 508 1751; x_wconf 87' lang='grc' dir='ltr'><em>καὶ</em></span> <span class='ocrx_word' id='word_1_92' title='bbox 548 1699 811 1766; x_wconf 87' lang='grc' dir='ltr'><em>μαίνομαι</em></span> <span class='ocrx_word' id='word_1_93' title='bbox 849 1697 952 1749; x_wconf 84' lang='grc' dir='ltr'>κού</span> <span class='ocrx_word' id='word_1_94' title='bbox 992 1699 1255 1765; x_wconf 86' lang='grc' dir='ltr'><em>μαίνομαι</em></span> <span class='ocrx_word' id='word_1_95' title='bbox 1297 1694 1392 1767; x_wconf 89' lang='lat'><em>(=</em></span> <span class='ocrx_word' id='word_1_96' title='bbox 1422 1692 1625 1765; x_wconf 84' lang='lat' dir='ltr'>Heph.)</span> 
     </span>
     <span class='ocr_line' id='line_1_20' title="bbox 192 1775 2035 1850; baseline -0.003 -18"><span class='ocrx_word' id='word_1_97' title='bbox 192 1780 589 1847; x_wconf 83' lang='grc' dir='ltr'><em>καταληκτικὸν</em></span> <span class='ocrx_word' id='word_1_98' title='bbox 629 1776 688 1832; x_wconf 75' lang='grc' dir='ltr'><em>δὲ</em></span> <span class='ocrx_word' id='word_1_99' title='bbox 729 1780 801 1842; x_wconf 84' lang='grc' dir='ltr'><em>ὡς</em></span> <span class='ocrx_word' id='word_1_100' title='bbox 839 1785 1003 1831; x_wconf 89' lang='grc' dir='ltr'><em>τοῦτο</em></span> <span class='ocrx_word' id='word_1_101' title='bbox 1045 1777 1259 1850; x_wconf 80' lang='lat' dir='ltr'>(Anaor.</span> <span class='ocrx_word' id='word_1_102' title='bbox 1295 1775 1413 1847; x_wconf 81' lang='grc'>92)·</span> <span class='ocrx_word' id='word_1_103' title='bbox 2033 1834 2035 1836; x_wconf 35' lang='grc'><strong>,</strong></span> 
     </span>
     <span class='ocr_line' id='line_1_21' title="bbox 418 1856 1957 1930; baseline 0 -16"><span class='ocrx_word' id='word_1_104' title='bbox 418 1860 446 1914; x_wconf 91' lang='grc' dir='ltr'>ὁ</span> <span class='ocrx_word' id='word_1_105' title='bbox 485 1858 586 1928; x_wconf 75' lang='grc' dir='ltr'><em>μὲν</em></span> <span class='ocrx_word' id='word_1_106' title='bbox 624 1860 811 1914; x_wconf 82' lang='grc' dir='ltr'><em>θέλων</em></span> <span class='ocrx_word' id='word_1_107' title='bbox 848 1860 1120 1928; x_wconf 85' lang='grc' dir='ltr'><em>μάχεσθαι</em></span> <span class='ocrx_word' id='word_1_108' title='bbox 1162 1858 1256 1930; x_wconf 91' lang='lat'><em>(=</em></span> <span class='ocrx_word' id='word_1_109' title='bbox 1281 1856 1479 1928; x_wconf 81' lang='lat' dir='ltr'><strong>Heph.)</strong></span> <span class='ocrx_word' id='word_1_110' title='bbox 1914 1882 1957 1914; x_wconf 81' lang='lat'><em>20</em></span> 
     </span>
     <span class='ocr_line' id='line_1_22' title="bbox 195 1939 1887 2012; baseline -0.001 -19"><span class='ocrx_word' id='word_1_111' title='bbox 195 1948 294 2012; x_wconf 80' lang='grc' dir='ltr'><em>μιᾷ</em></span> <span class='ocrx_word' id='word_1_112' title='bbox 346 1943 451 2010; x_wconf 79' lang='grc' dir='ltr'><em>γὰρ</em></span> <span class='ocrx_word' id='word_1_113' title='bbox 509 1944 754 2011; x_wconf 77' lang='grc' dir='ltr'><em>συλλαβῇ</em></span> <span class='ocrx_word' id='word_1_114' title='bbox 811 1943 982 1994; x_wconf 83' lang='grc' dir='ltr'><em>λείπει</em></span> <span class='ocrx_word' id='word_1_115' title='bbox 1038 1941 1115 2002; x_wconf 84' lang='grc' dir='ltr'><em>εἰς</em></span> <span class='ocrx_word' id='word_1_116' title='bbox 1160 1942 1221 1993; x_wconf 87' lang='grc' dir='ltr'><em>τὸ</em></span> <span class='ocrx_word' id='word_1_117' title='bbox 1270 1941 1532 1993; x_wconf 77' lang='grc' dir='ltr'><em>διποὸίαν</em></span> <span class='ocrx_word' id='word_1_118' title='bbox 1578 1939 1887 2008; x_wconf 80' lang='grc' dir='ltr'><em>ἀπαρτίσαι.</em></span> 
     </span>
     <span class='ocr_line' id='line_1_23' title="bbox 194 2020 1744 2094; baseline -0.001 -19"><span class='ocrx_word' id='word_1_119' title='bbox 194 2023 676 2092; x_wconf 84' lang='grc' dir='ltr'><em>ὑπερκατάληκτον</em></span> <span class='ocrx_word' id='word_1_120' title='bbox 716 2023 777 2076; x_wconf 76' lang='grc' dir='ltr'><em>δὲ</em></span> <span class='ocrx_word' id='word_1_121' title='bbox 817 2023 890 2084; x_wconf 79' lang='grc' dir='ltr'><em>ὡς</em></span> <span class='ocrx_word' id='word_1_122' title='bbox 927 2023 1053 2075; x_wconf 81' lang='grc' dir='ltr'><em>τόδε</em></span> <span class='ocrx_word' id='word_1_123' title='bbox 1094 2021 1310 2094; x_wconf 84' lang='lat' dir='ltr'><strong>(Georg.</strong></span> <span class='ocrx_word' id='word_1_124' title='bbox 1335 2023 1440 2076; x_wconf 81' lang='lat' dir='ltr'>Pis.</span> <span class='ocrx_word' id='word_1_125' title='bbox 1466 2023 1600 2076; x_wconf 78' lang='lat' dir='ltr'>HeX.</span> <span class='ocrx_word' id='word_1_126' title='bbox 1626 2020 1744 2092; x_wconf 88' lang='lat'>41)·</span> 
     </span>
     <span class='ocr_line' id='line_1_24' title="bbox 417 2103 1401 2173; baseline 0.001 -16"><span class='ocrx_word' id='word_1_127' title='bbox 417 2106 628 2173; x_wconf 87' lang='grc' dir='ltr'><em>σπείρει</em></span> <span class='ocrx_word' id='word_1_128' title='bbox 667 2105 771 2173; x_wconf 71' lang='grc' dir='ltr'><em>γὰρ</em></span> <span class='ocrx_word' id='word_1_129' title='bbox 813 2103 978 2166; x_wconf 78' lang='grc' dir='ltr'><strong><em>αὐτὸς</em></strong></span> <span class='ocrx_word' id='word_1_130' title='bbox 1015 2105 1152 2157; x_wconf 80' lang='grc' dir='ltr'><strong><em>κατὰ</em></strong></span> <span class='ocrx_word' id='word_1_131' title='bbox 1189 2104 1401 2173; x_wconf 81' lang='grc' dir='ltr'><em>πέτρας.</em></span> 
     </span>
     <span class='ocr_line' id='line_1_25' title="bbox 108 2186 1886 2256; baseline 0 -19"><span class='ocrx_word' id='word_1_132' title='bbox 108 2193 163 2232; x_wconf 93' lang='grc'><em>10</em></span> <span class='ocrx_word' id='word_1_133' title='bbox 195 2191 293 2255; x_wconf 80' lang='grc' dir='ltr'><em>μιᾷ</em></span> <span class='ocrx_word' id='word_1_134' title='bbox 336 2187 441 2256; x_wconf 77' lang='grc' dir='ltr'><em>γὰρ</em></span> <span class='ocrx_word' id='word_1_135' title='bbox 489 2187 772 2250; x_wconf 79' lang='grc' dir='ltr'><em>πλεονάζει</em></span> <span class='ocrx_word' id='word_1_136' title='bbox 821 2188 1067 2256; x_wconf 77' lang='grc' dir='ltr'><em>συλλαβῇ</em></span> <span class='ocrx_word' id='word_1_137' title='bbox 1114 2187 1255 2256; x_wconf 85' lang='grc' dir='ltr'><em>πρὸς</em></span> <span class='ocrx_word' id='word_1_138' title='bbox 1292 2197 1412 2250; x_wconf 83' lang='grc' dir='ltr'><strong><em>ταῖς</em></strong></span> <span class='ocrx_word' id='word_1_139' title='bbox 1452 2187 1554 2239; x_wconf 83' lang='grc' dir='ltr'><em>δύο</em></span> <span class='ocrx_word' id='word_1_140' title='bbox 1597 2186 1886 2248; x_wconf 79' lang='grc' dir='ltr'><em>διποὸίαις.</em></span> 
     </span>
     <span class='ocr_line' id='line_1_26' title="bbox 203 2265 1953 2339; baseline 0.003 -22"><span class='ocrx_word' id='word_1_141' title='bbox 203 2268 564 2336; x_wconf 84' lang='grc' dir='ltr'><em>Τρίμετρον</em></span> <span class='ocrx_word' id='word_1_142' title='bbox 603 2267 680 2335; x_wconf 83' lang='grc' dir='ltr'><em>δέ,</em></span> <span class='ocrx_word' id='word_1_143' title='bbox 720 2269 1238 2336; x_wconf 82' lang='grc' dir='ltr'><em>βραχυκατάληκτον</em></span> <span class='ocrx_word' id='word_1_144' title='bbox 1277 2269 1378 2336; x_wconf 82' lang='grc' dir='ltr'><em>μὲν</em></span> <span class='ocrx_word' id='word_1_145' title='bbox 1419 2266 1644 2339; x_wconf 79' lang='lat' dir='ltr'><strong>(Archil.</strong></span> <span class='ocrx_word' id='word_1_146' title='bbox 1678 2265 1773 2337; x_wconf 80' lang='lat'><em>94)</em></span> <span class='ocrx_word' id='word_1_147' title='bbox 1911 2290 1953 2323; x_wconf 75' lang='lat'><em>25</em></span> 
     </span>
     <span class='ocr_line' id='line_1_27' title="bbox 415 2348 1405 2419; baseline 0.002 -18"><span class='ocrx_word' id='word_1_148' title='bbox 415 2349 584 2415; x_wconf 88' lang='grc' dir='ltr'><em>πάτερ</em></span> <span class='ocrx_word' id='word_1_149' title='bbox 625 2349 913 2417; x_wconf 83' lang='grc' dir='ltr'><em>Λυκάμβα,</em></span> <span class='ocrx_word' id='word_1_150' title='bbox 951 2359 1117 2402; x_wconf 87' lang='grc' dir='ltr'><em>ποῖον</em></span> <span class='ocrx_word' id='word_1_151' title='bbox 1157 2348 1405 2419; x_wconf 80' lang='grc' dir='ltr'><em>ἐφράσω;</em></span> 
     </span>
     <span class='ocr_line' id='line_1_28' title="bbox 195 2428 1884 2502; baseline -0.001 -20"><span class='ocrx_word' id='word_1_152' title='bbox 195 2432 365 2482; x_wconf 83' lang='grc' dir='ltr'><em>λείπει</em></span> <span class='ocrx_word' id='word_1_153' title='bbox 413 2431 517 2499; x_wconf 75' lang='grc' dir='ltr'><em>γὰρ</em></span> <span class='ocrx_word' id='word_1_154' title='bbox 566 2431 676 2502; x_wconf 77' lang='grc' dir='ltr'><em>ὅλῳ</em></span> <span class='ocrx_word' id='word_1_155' title='bbox 717 2431 862 2483; x_wconf 80' lang='grc' dir='ltr'><em>ποδί.</em></span> <span class='ocrx_word' id='word_1_156' title='bbox 941 2429 1317 2500; x_wconf 72' lang='grc' dir='ltr'><em>ἀκατάληπτον</em></span> <span class='ocrx_word' id='word_1_157' title='bbox 1357 2429 1415 2484; x_wconf 74' lang='grc' dir='ltr'><em>δὲ</em></span> <span class='ocrx_word' id='word_1_158' title='bbox 1455 2432 1528 2494; x_wconf 82' lang='grc' dir='ltr'><em>ὡς</em></span> <span class='ocrx_word' id='word_1_159' title='bbox 1566 2431 1626 2483; x_wconf 91' lang='grc' dir='ltr'><em>τὸ</em></span> <span class='ocrx_word' id='word_1_160' title='bbox 1667 2428 1884 2500; x_wconf 82' lang='lat' dir='ltr'><strong>(Georg.</strong></span> 
     </span>
     <span class='ocr_line' id='line_1_29' title="bbox 195 2510 596 2582; baseline 0.007 -21"><span class='ocrx_word' id='word_1_161' title='bbox 195 2510 300 2563; x_wconf 85' lang='lat' dir='ltr'>Pis.</span> <span class='ocrx_word' id='word_1_162' title='bbox 332 2511 468 2564; x_wconf 85' lang='lat' dir='ltr'><strong>Hex.</strong></span> <span class='ocrx_word' id='word_1_163' title='bbox 501 2510 596 2582; x_wconf 83' lang='lat'><em>33)</em></span> 
     </span>
     <span class='ocr_line' id='line_1_30' title="bbox 36 2591 1550 2664; baseline 0.003 -23"><span class='ocrx_word' id='word_1_164' title='bbox 36 2599 163 2656; x_wconf 80' lang='lat'>(150)</span> <span class='ocrx_word' id='word_1_165' title='bbox 417 2593 529 2660; x_wconf 82' lang='grc' dir='ltr'><em>ἥκω</em></span> <span class='ocrx_word' id='word_1_166' title='bbox 572 2591 760 2661; x_wconf 84' lang='grc' dir='ltr'><em>φέρων</em></span> <span class='ocrx_word' id='word_1_167' title='bbox 799 2607 886 2645; x_wconf 92' lang='grc' dir='ltr'><em>σοι</em></span> <span class='ocrx_word' id='word_1_168' title='bbox 927 2601 1022 2662; x_wconf 80' lang='grc' dir='ltr'><em>τῆς</em></span> <span class='ocrx_word' id='word_1_169' title='bbox 1062 2594 1268 2664; x_wconf 83' lang='grc' dir='ltr'><em>ἐρήμου</em></span> <span class='ocrx_word' id='word_1_170' title='bbox 1308 2595 1550 2662; x_wconf 80' lang='grc' dir='ltr'><em>καρδίας.</em></span> 
     </span>
    </p>
   </div>
   <div class='ocr_carea' id='block_1_3' title="bbox 193 2759 1883 2996">
    <p class='ocr_par' dir='ltr' id='par_1_3' title="bbox 193 2759 1883 2995">
     <span class='ocr_line' id='line_1_31' title="bbox 312 2759 1880 2820; baseline 0.001 -18"><span class='ocrx_word' id='word_1_171' title='bbox 312 2763 337 2802; x_wconf 89' lang='grc'><strong>6</strong></span> <span class='ocrx_word' id='word_1_172' title='bbox 364 2759 418 2802; x_wconf 85' lang='grc' dir='ltr'><em>ἰώ</em></span> <span class='ocrx_word' id='word_1_173' title='bbox 444 2759 498 2802; x_wconf 87' lang='grc' dir='ltr'><em>ἰώ</em></span> <span class='ocrx_word' id='word_1_174' title='bbox 515 2760 596 2813; x_wconf 90' lang='lat' dir='ltr'><em>A¹,</em></span> <span class='ocrx_word' id='word_1_175' title='bbox 623 2773 735 2803; x_wconf 84' lang='lat' dir='ltr'>corr.</span> <span class='ocrx_word' id='word_1_176' title='bbox 756 2759 860 2804; x_wconf 69' lang='grc' dir='ltr'><em>Α2</em></span> <span class='ocrx_word' id='word_1_177' title='bbox 846 2774 860 2818; x_wconf 82' lang='grc' dir='ltr'>Ι</span> <span class='ocrx_word' id='word_1_178' title='bbox 887 2765 910 2804; x_wconf 89' lang='grc'><strong>9</strong></span> <span class='ocrx_word' id='word_1_179' title='bbox 936 2761 965 2817; x_wconf 84' lang='grc' dir='ltr'>ἡ</span> <span class='ocrx_word' id='word_1_180' title='bbox 988 2760 1227 2806; x_wconf 82' lang='grc' dir='ltr'><em>τελευταία</em></span> <span class='ocrx_word' id='word_1_181' title='bbox 1249 2763 1375 2820; x_wconf 86' lang='grc' dir='ltr'><em>χώρα</em></span> <span class='ocrx_word' id='word_1_182' title='bbox 1399 2762 1446 2805; x_wconf 82' lang='lat' dir='ltr'><em>Y</em></span> <span class='ocrx_word' id='word_1_183' title='bbox 1468 2764 1471 2816; x_wconf 98' lang='grc' dir='ltr'>Ι</span> <span class='ocrx_word' id='word_1_184' title='bbox 1499 2763 1607 2817; x_wconf 81' lang='lat' dir='ltr'>post</span> <span class='ocrx_word' id='word_1_185' title='bbox 1631 2761 1718 2817; x_wconf 80' lang='grc' dir='ltr'><em>γὰρ</em></span> <span class='ocrx_word' id='word_1_186' title='bbox 1743 2762 1880 2806; x_wconf 83' lang='lat' dir='ltr'>inser</span> 
     </span>
     <span class='ocr_line' id='line_1_32' title="bbox 194 2817 1882 2877; baseline 0.002 -17"><span class='ocrx_word' id='word_1_187' title='bbox 194 2817 299 2861; x_wconf 77' lang='grc' dir='ltr'><em>ἀντὶ</em></span> <span class='ocrx_word' id='word_1_188' title='bbox 322 2817 592 2871; x_wconf 77' lang='lat' dir='ltr'>Mendelss.;</span> <span class='ocrx_word' id='word_1_189' title='bbox 626 2819 748 2862; x_wconf 83' lang='lat' dir='ltr'>idem</span> <span class='ocrx_word' id='word_1_190' title='bbox 774 2820 899 2874; x_wconf 89' lang='lat' dir='ltr'>quod</span> <span class='ocrx_word' id='word_1_191' title='bbox 931 2834 1014 2863; x_wconf 81' lang='lat' dir='ltr'><em>nos</em></span> <span class='ocrx_word' id='word_1_192' title='bbox 1047 2821 1272 2877; x_wconf 76' lang='lat' dir='ltr'><strong>scriptum</strong></span> <span class='ocrx_word' id='word_1_193' title='bbox 1296 2820 1465 2864; x_wconf 84' lang='lat' dir='ltr'><strong>habuit</strong></span> <span class='ocrx_word' id='word_1_194' title='bbox 1489 2820 1680 2864; x_wconf 83' lang='lat' dir='ltr'>Trichas</span> <span class='ocrx_word' id='word_1_195' title='bbox 1701 2823 1714 2877; x_wconf 90' lang='grc' dir='ltr'><em>ΙΙ</em></span> <span class='ocrx_word' id='word_1_196' title='bbox 1732 2827 1782 2865; x_wconf 95' lang='grc'><em>11</em></span> <span class='ocrx_word' id='word_1_197' title='bbox 1805 2824 1882 2864; x_wconf 85' lang='grc' dir='ltr'><em>λυ-</em></span> 
     </span>
     <span class='ocr_line' id='line_1_33' title="bbox 193 2875 1883 2952; baseline 0.002 -33"><span class='ocrx_word' id='word_1_198' title='bbox 193 2875 440 2952; x_wconf 71' lang='grc' dir='ltr'><em>κάμβαΑῙ,</em></span> <span class='ocrx_word' id='word_1_199' title='bbox 464 2877 643 2950; x_wconf 85' lang='grc' dir='ltr'><em>λυκάβα</em></span> <span class='ocrx_word' id='word_1_200' title='bbox 658 2878 725 2921; x_wconf 78' lang='lat' dir='ltr'><em>A²</em></span> <span class='ocrx_word' id='word_1_201' title='bbox 740 2879 753 2933; x_wconf 92' lang='grc' dir='ltr'><em>ΙΙ</em></span> <span class='ocrx_word' id='word_1_202' title='bbox 773 2883 826 2921; x_wconf 78' lang='lat'><em>15</em></span> <span class='ocrx_word' id='word_1_203' title='bbox 846 2877 933 2923; x_wconf 85' lang='grc' dir='ltr'><em>ολω</em></span> <span class='ocrx_word' id='word_1_204' title='bbox 947 2879 1182 2934; x_wconf 79' lang='lat' dir='ltr'>Hoersch.‚</span> <span class='ocrx_word' id='word_1_205' title='bbox 1209 2880 1232 2924; x_wconf 89' lang='grc' dir='ltr'>ὁ</span> <span class='ocrx_word' id='word_1_206' title='bbox 1250 2888 1432 2934; x_wconf 84' lang='grc' dir='ltr'><em>πρῶτος</em></span> <span class='ocrx_word' id='word_1_207' title='bbox 1450 2881 1499 2923; x_wconf 91' lang='grc' dir='ltr'>Χ</span> <span class='ocrx_word' id='word_1_208' title='bbox 1515 2877 1635 2936; x_wconf 86' lang='grc' dir='ltr'><em>(ὅλος</em></span> <span class='ocrx_word' id='word_1_209' title='bbox 1651 2881 1770 2930; x_wconf 81' lang='grc' dir='ltr'><em>ποὺς</em></span> <span class='ocrx_word' id='word_1_210' title='bbox 1789 2881 1852 2936; x_wconf 89' lang='lat' dir='ltr'><em>Y)</em></span> <span class='ocrx_word' id='word_1_211' title='bbox 1869 2883 1883 2937; x_wconf 90' lang='grc' dir='ltr'><em>ΙΙ</em></span> 
     </span>
     <span class='ocr_line' id='line_1_34' title="bbox 195 2934 1770 2996; baseline 0.003 -18"><span class='ocrx_word' id='word_1_212' title='bbox 195 2939 250 2978; x_wconf 83' lang='grc'><em>23</em></span> <span class='ocrx_word' id='word_1_213' title='bbox 283 2934 484 2990; x_wconf 81' lang='grc' dir='ltr'><em>σπείρεις</em></span> <span class='ocrx_word' id='word_1_214' title='bbox 514 2936 601 2993; x_wconf 77' lang='grc' dir='ltr'><em>γὰρ</em></span> <span class='ocrx_word' id='word_1_215' title='bbox 635 2938 775 2987; x_wconf 79' lang='grc' dir='ltr'><strong><em>αὐτὸς</em></strong></span> <span class='ocrx_word' id='word_1_216' title='bbox 805 2954 923 2981; x_wconf 79' lang='grc' dir='ltr'><strong><em>κατα</em></strong></span> <span class='ocrx_word' id='word_1_217' title='bbox 955 2946 1133 2993; x_wconf 85' lang='grc' dir='ltr'><em>πετρῶν</em></span> <span class='ocrx_word' id='word_1_218' title='bbox 1167 2939 1331 2996; x_wconf 88' lang='lat' dir='ltr'>Georg.</span> <span class='ocrx_word' id='word_1_219' title='bbox 1357 2942 1370 2995; x_wconf 90' lang='grc' dir='ltr'><em>ΙΙ</em></span> <span class='ocrx_word' id='word_1_220' title='bbox 1396 2944 1451 2982; x_wconf 81' lang='lat'><em>26</em></span> <span class='ocrx_word' id='word_1_221' title='bbox 1485 2938 1694 2995; x_wconf 83' lang='grc' dir='ltr'><em>ἐφράσην</em></span> <span class='ocrx_word' id='word_1_222' title='bbox 1725 2941 1770 2983; x_wconf 88' lang='grc' dir='ltr'><strong><em>Α</em></strong></span> 
     </span>
    </p>
   </div>
  </div>
 </body>
</html>
