2090 3158
780 172 1244 214 nPOAEPOMENA
1788 172 1858 224 83

4 343 19 370 ,2
71 313 132 367 (2)
277 305 330 358 4.
369 304 640 374 Διαφέρει
682 303 741 359 δὲ
781 306 985 375 μέτρον
1025 307 1266 377 ῥυθμοῦ.
1326 308 1431 376 ὕλη
1471 304 1573 374 μὲν
1605 308 1710 375 γὰρ
1744 317 1859 370 τοῖς

0 396 131 447 ε84,9
163 385 382 455 μέτροις
421 387 454 456 ἡ
494 390 741 456 συλλαβὴ
773 388 862 440 καὶ
897 386 1063 456 χωρὶς
1094 391 1372 456 συλλαβῆς
1404 389 1505 442 οὐκ
1537 388 1607 442 ἂν
1640 389 1856 457 γένοιτο

163 470 388 540 μέτρον,
445 471 473 525 ὁ
522 468 583 524 δὲ
632 472 846 541 ῥυθμὸς
884 472 1092 538 γίνεται
1139 470 1241 538 μὲν
1290 471 1380 523 καὶ
1428 469 1490 524 ἐν
1537 473 1856 540 συλλαβαῖς,

164 554 373 620 γίνεται
429 549 489 605 δὲ
543 553 631 606 καὶ
687 550 852 621 χωρὶς
905 554 1200 620 συλλαβῆς·
1255 550 1344 605 καὶ
1393 553 1496 621 γὰρ
1547 550 1608 605 ἐν
1654 555 1854 624 κρότῳ·

164 634 298 687 ὅταν
335 631 438 703 μὲν
476 634 580 702 γὰρ
621 637 750 696 τοὺς
793 632 1022 702 χαλκέας
1062 633 1267 702 ἴδωμεν
1306 635 1401 695 τὰς
1441 634 1657 702 σφύρας
1695 653 1855 687 κατα-

163 714 451 783 φέροντας,
491 717 600 783 ἅμα
639 717 762 769 τινὰ
802 715 891 767 καὶ
932 714 1154 784 ῥυθμὸν
1185 714 1474 781 ἀκούομεν.
1543 716 1632 767 καὶ
1673 715 1855 768 ἵππων

164 793 223 850 δὲ
261 800 458 865 πορεία
498 796 716 866 ῥυθμὸς
756 795 1026 864 ἐνομίσθη
1068 794 1158 848 καὶ
1197 798 1410 866 κίνησις
1443 797 1733 850 δακτύλων
1763 797 1853 850 καὶ

161 883 343 947 μελῶν
383 880 627 947 σχήματα
666 877 756 931 καὶ
792 878 1009 947 χορδῶν
1040 881 1307 947 κινήματα
1339 878 1429 931 καὶ
1461 888 1572 930 τῶν
1605 878 1855 948 ὀρνίθων

160 961 226 1013 τὰ
279 963 702 1030 πτερυγίσματα.
786 958 989 1029 μέτρον
1044 959 1104 1012 δὲ
1156 960 1257 1013 οὐκ
1304 959 1374 1012 ἂν
1425 958 1641 1028 γένοιτο
1688 959 1854 1028 χωρὶς

161 1039 353 1106 λέξεως
392 1050 552 1103 ποιᾶς
591 1043 681 1096 καὶ
721 1048 907 1110 ποσῆς.
958 1038 1076 1093 ”En
1112 1043 1309 1095 τοίνυν
1341 1039 1591 1111 διαφέρει
1625 1042 1850 1111 ρ”υθμοῦ

160 1124 220 1176 τὸ
259 1123 476 1193 μέτρον,
515 1117 550 1195 ᾗ
588 1125 648 1177 τὸ
689 1120 791 1193 μὲν
829 1121 1030 1192 μέτρον
1069 1125 1378 1192 πεπηγότας
1416 1119 1526 1191 ἔχει
1558 1125 1690 1184 τοὺς
1729 1125 1851 1192 χρό-

159 1226 317 1274 νους,
363 1209 575 1276 μακρόν
620 1227 677 1260 τε
723 1206 812 1259 καὶ
859 1206 1074 1274 βραχὺν
1119 1204 1209 1258 καὶ
1257 1205 1354 1259 τὸν
1399 1204 1600 1274 μεταξὺ
1640 1206 1853 1258 τούτων

159 1288 257 1340 τὸν
295 1288 487 1340 κοινὸν
534 1289 903 1356 καλούμενον,
952 1287 1012 1349 ὃς
1059 1285 1148 1339 καὶ
1189 1288 1353 1350 αὐτὸς
1390 1287 1608 1349 πάντως
1646 1289 1852 1355 μακρός

160 1367 310 1422 ἐστιν
348 1367 380 1436 ἢ
421 1370 650 1439 βραχύς·
703 1369 730 1422 ὁ
773 1369 834 1421 δὲ
873 1368 1087 1436 ῥυθμὸς
1128 1369 1201 1432 ὡς
1238 1368 1497 1436 βούλεται
1537 1365 1682 1421 ἕλκει
1721 1371 1874 1432 τοὺς·

158 1453 407 1519 χρόνους.
469 1452 731 1515 πολλάκις
771 1459 911 1520 γοῦν
949 1449 1038 1503 καὶ
1078 1452 1178 1504 τὸν
1209 1452 1423 1518 βραχὺν
1462 1450 1668 1519 χρόνον
1702 1459 1849 1503 ποιεῖ

157 1534 383 1599 μακρόν.
447 1531 565 1585 Ὅτι
613 1533 674 1586 δὲ
723 1541 887 1587 τοῦτο
937 1533 1112 1595 οὕτως
1151 1535 1258 1601 ἔχει
1299 1530 1389 1583 καὶ
1430 1532 1531 1599 τὴν
1572 1532 1851 1601 διαφορὰν

159 1612 342 1666 ἴσασιν
382 1615 440 1666 οἱ
474 1618 714 1682 ποιηταί,
755 1615 1008 1682 λάβωμεν
1037 1614 1382 1683 παράδειγμα
1416 1611 1520 1665 ἀπὸ
1553 1615 1851 1681 παιζούσης

157 1695 443 1767 κωμῳδίας
481 1693 543 1748 ἐν
575 1697 960 1766 σπουδαζούσῃ
994 1697 1322 1764 φιλοσοφίᾳ·
1356 1694 1383 1747 ὁ
1417 1702 1556 1763 γοῦν
1590 1693 1850 1764 [Ἀριστο-

158 1778 357 1846 φάνης]
400 1776 461 1831 §v
500 1786 618 1840 ταῖς
651 1777 932 1846 Νεφέλαις
964 1776 1122 1849 (638)
1155 1774 1290 1846 φησὶ
1326 1776 1639 1845 Σωκράτης,
1681 1778 1728 1830 εἰ
1759 1778 1849 1830 καὶ

157 1859 388 1924 τωθάζει
430 1858 843 1928 Ἀριστοφάνης·

229 1942 467 2008 πότερον
505 1940 630 2010 περὶ
669 1941 884 2010 μέτρων
922 1941 954 2010 ἢ
994 1942 1119 2011 περὶ
1160 1940 1307 1994 ἐπῶν
1347 1940 1378 2008 ἢ
1419 1939 1676 2009 ῥυθμῶν·

157 2020 545 2076 ἆντιδιέστειλε
589 2023 692 2091 γὰρ
735 2021 943 2086 ἐκεῖνος
984 2023 1090 2076 ἀπὸ
1142 2023 1376 2092 ῥυθμῶν
1422 2021 1488 2073 τὰ
1533 2019 1724 2089 μέτρα·
1773 2023 1849 2084 εἰς

158 2101 414 2173 ἑκάτερον
452 2112 594 2171 γοῦν
632 2105 693 2157 τὸ
734 2105 1079 2174 παράδειγμα
1113 2102 1461 2173 σημειωτέον,
1503 2103 1586 2155 ὅτι
1619 2123 1676 2155 τε
1710 2103 1848 2170 ῥυθ-

155 2185 254 2253 μὸς
300 2185 501 2254 μέτρου
543 2186 793 2255 διαφέρει
841 2185 929 2239 καὶ
974 2187 1056 2239 ὅτι
1101 2192 1285 2239 ἴσασιν
1324 2183 1386 2238 ἐν
1425 2184 1755 2254 διδασκαλίᾳ
1796 2185 1848 2237 οἱ

155 2266 378 2319 παλαιοὶ
418 2268 518 2335 τὴν
558 2277 668 2320 τῶν
707 2267 921 2336 μέτρων
962 2270 1223 2337 θεωρίαν.

277 2404 298 2441 1
335 2398 387 2441 fr.
414 2399 434 2441 I
465 2414 508 2454 p.
539 2403 615 2453 76,
636 2403 702 2442 19.
753 2398 946 2443 Planud.
974 2398 1096 2442 RhG
1121 2399 1161 2442 V
1186 2402 1381 2452 473,13.
1432 2396 1587 2450 Quinb.
1614 2396 1677 2438 IX
1702 2402 1749 2451 4,
1777 2401 1847 2439 48.

158 2457 232 2500 Ar.
254 2456 409 2509 Quint.
430 2462 550 2512 32,7.
585 2458 735 2502 Diom.
755 2458 775 2500 I
793 2463 892 2501 474.
934 2458 1047 2501 Mar.
1067 2458 1187 2501 vict.
1207 2458 1269 2500 VI
1294 2462 1364 2510 41,
1384 2460 1439 2499 28
1455 2471 1552 2512 sqq.
1588 2456 1735 2498 Anon.
1764 2454 1847 2499 GL

155 2514 218 2558 VI
243 2520 342 2570 206,
363 2521 399 2560 7.
449 2517 522 2560 At.
551 2517 672 2560 Fort.
693 2517 755 2560 VI
782 2522 865 2560 282
891 2520 904 2573 Η
932 2523 985 2561 14
1018 2518 1132 2561 Mar.
1158 2517 1278 2560 Viet.
1306 2516 1367 2559 VI
1393 2521 1463 2569 42,
1482 2520 1506 2557 3

278 2639 299 2677 1
334 2634 385 2678 δὲ
427 2635 487 2689 Y,
526 2635 613 2692 γὰρ
648 2637 698 2679 Χ
742 2638 755 2691 ΙΙ
804 2641 828 2678 3
864 2637 912 2680 ἐν
946 2637 1192 2693 συλλαβαῖς
1226 2636 1294 2687 Χ,
1335 2635 1419 2678 An.
1447 2633 1628 2686 Ambr.,
1662 2633 1785 2677 RhG
1808 2633 1847 2674 V

156 2697 255 2746 473,
277 2698 346 2748 15,
380 2692 428 2737 ἐν
463 2696 661 2752 συλλαβῇ
705 2696 751 2738 Y
790 2698 803 2751 ΙΙ
851 2699 876 2738 8
909 2698 1056 2751 μελῶν
1098 2696 1150 2749 Y,
1184 2697 1330 2750 μελῶν
1363 2693 1441 2736 καὶ
1475 2694 1524 2736 Χ
1569 2695 1582 2749 ΙΙ
1623 2697 1647 2735 9
1680 2709 1846 2748 πτερυ-

158 2749 354 2808 γίσματα
387 2752 606 2809 Toupius,
639 2752 922 2826 πτερίσματα
956 2755 1089 2798 codd.
1126 2757 1139 2810 ΙΙ
1182 2759 1233 2797 12
1269 2753 1435 2809 μεταξὺ
1466 2752 1643 2796 τούτων
1675 2751 1845 2805 Morus,

157 2811 268 2866 μετὰ
299 2818 465 2855 τοῦτον
498 2813 629 2856 codd.
664 2816 678 2869 ΙΙ
712 2818 765 2856 14
798 2831 825 2869 η
860 2813 1098 2867 Mendela„
1133 2814 1212 2856 καὶ
1246 2811 1377 2856 codd.
1412 2814 1426 2867 Η
1463 2815 1515 2855 17
1549 2810 1846 2867 παράδειγμα

157 2870 250 2914 ἀπὸ
283 2870 485 2924 Wilam.,
519 2870 873 2928 παραδείγματα
906 2873 1038 2917 codd.
1065 2875 1079 2929 Η
1105 2877 1159 2916 18
1192 2870 1518 2927 Ἀριστοφάνης
1550 2870 1637 2913 del.
1665 2870 1846 2924 Boivin‚

159 2929 238 2971 sed
271 2929 327 2972 cf.
363 2929 521 2973 Choer.
549 2934 562 2986 Η
588 2937 639 2974 21
676 2929 703 2987 ἢ
735 2933 841 2986 περὶ
874 2930 1070 2988 ῥυθμῶν
1104 2931 1236 2975 codd.

1522 3004 1578 3046 6*
