2090 3158
61 1203 122 1260 (4)

0 1287 123 1339 &20

4 2065 122 2117 924

770 165 1232 207 HPOAEPOMENA
1779 164 1847 217 37

158 299 327 368 αὐτῆς
379 302 607 370 βραχεῖα
661 298 749 353 καὶ
796 301 975 370 μακρὰ
1023 300 1112 353 καὶ
1164 300 1267 369 <ἡ>
1317 301 1475 368 κοινὴ
1521 299 1849 370 καλουμένη.

158 382 260 435 οὐκ
299 379 490 446 ἔδοξεν
528 376 633 435 οὖν
673 382 819 455 αὐτῷ
856 381 962 435 ἀπὸ
1003 389 1101 436 τοῦ
1141 381 1340 451 γένους
1375 382 1716 450 ποιήσασθαι
1749 383 1850 451 τὴν

161 463 334 533 ἀρχὴν
373 461 643 533 (τεχνικὸς
690 465 794 534 γὰρ
837 459 999 526 οὗτος
1039 463 1067 516 ὁ
1108 465 1271 532 λόγος
1309 463 1399 516 καὶ
1441 463 1507 516 οὐ
1547 463 1696 516 πάνυ
1735 473 1851 526 τοῖς

159 544 377 615 μέτροις
417 543 809 615 συμβάλλεται)
851 545 984 598 οὐδὲ
1023 545 1134 617 ὅρῳ
1173 546 1275 614 τὴν
1307 546 1590 614 συλλαβὴν
1628 548 1851 614 περιλα-

156 627 280 693 βεῖν
328 623 460 680 οὐδὲ
507 628 604 680 τὸν
652 625 776 694 περὶ
827 626 995 694 αὐτῆς
1034 628 1209 679 εἰπεῖν
1249 628 1417 695 λόγον
1456 634 1551 694 τῆς
1590 624 1850 695 ἐτυμολο-
1897 648 1916 679 5

158 709 301 775 γίας·
342 705 432 760 καὶ
473 709 576 777 γὰρ
618 707 679 762 ἐν
717 717 833 771 τοῖς
871 717 1140 777 τεχνικοῖς
1177 705 1404 776 ἔλεγχον
1444 710 1602 777 ἔσχεν
1634 707 1663 761 ὁ
1705 707 1849 776 ὄρος,

158 789 240 842 ὅτι
288 790 321 859 ἡ
370 791 614 858 συλλαβὴ
665 791 811 860 παρὰ
858 797 1024 843 τοῦτο
1076 790 1414 859 ὠνόμασται,
1464 789 1612 859 παρὰ
1650 789 1711 842 τὸ
1751 806 1850 841 πο-

160 872 358 939 σότητα
398 874 684 940 στοιχείων
723 873 801 934 εἰς
839 871 1041 924 ταύτὸν
1076 873 1485 940 συλλαμβάνειν
1523 866 1602 924 ὧν
1641 868 1851 933 ἔξεστιν

134 950 265 1027 ,ὑφ’
315 951 412 1005 ἕνα
461 954 723 1022 φθόγγον
771 955 1134 1023 παραλαβεῖν·
1193 954 1330 1021 <οὐχ
1385 953 1526 1021 γὰρ>
1581 951 1652 1005 ἂν
1705 951 1851 1004 εἴποι

156 1052 239 1095 τις
277 1034 372 1097 τὰς
414 1034 921 1103 μονογραμμάτους.
999 1033 1138 1086 ἀλλὰ
1175 1041 1346 1087 ταῦτα
1385 1031 1486 1103 μὲν
1525 1036 1850 1102 ζητείτωσαν
1876 1056 1918 1088 10

158 1116 211 1168 οἱ
250 1117 504 1185 τεχνικοί.
547 1147 615 1153 -

272 1197 354 1250 10.
415 1195 511 1249 Ἐν
561 1194 620 1250 δὲ
668 1205 782 1260 τοῖς
830 1205 1105 1267 μετρικοῖς
1152 1196 1356 1251 εἰδέναι
1408 1199 1517 1266 δεῖ,
1574 1198 1656 1250 ὅτι
1703 1204 1851 1249 πᾶσα

157 1281 384 1348 βραχεῖα
422 1278 510 1348 ἴση
552 1277 644 1332 καὶ
683 1287 828 1332 πᾶσα
869 1280 1048 1348 μακρὰ
1081 1278 1193 1348 ἴση·
1233 1282 1484 1333 καθόλου
1524 1280 1628 1348 γὰρ
1663 1279 1719 1332 αἱ
1750 1278 1852 1347 μέν

157 1362 263 1413 εἰσι
319 1361 592 1430 δίχρονοι,
649 1362 702 1413 αἱ
753 1358 814 1413 δὲ
867 1363 1215 1431 μονόχρονοι.
1294 1361 1560 1414 ἐντεῦθεν
1605 1361 1703 1413 τὸν
1749 1361 1851 1429 μὲν

157 1443 434 1496 δάκτυλον
472 1446 751 1511 καλοῦμεν
790 1443 1175 1512 τετράχρονον,
1214 1444 1312 1496 τὸν
1344 1444 1403 1496 δὲ
1439 1444 1736 1512 πυρρίχιον
1768 1443 1850 1495 ὃί-
1876 1465 1917 1497 15

159 1544 388 1593 χρονον,
437 1523 503 1577 οὐ
550 1528 1147 1593 πολυπραγμονοῦντες
1192 1534 1287 1594 τῆς
1337 1532 1621 1594 ποιητικῆς
1660 1523 1852 1587 λέξεως

156 1606 188 1675 ἢ
222 1608 499 1674 συλλαβῆς
530 1607 595 1658 τὰ
629 1615 869 1675 στοιχεῖα
901 1607 1034 1660 οὐδὲ
1066 1605 1126 1660 ἐν
1154 1608 1417 1675 ποσότητι
1450 1613 1850 1675 καταμετροῦν-

155 1707 241 1750 τες
280 1690 410 1750 τοὺς
450 1690 685 1757 χρόνους
724 1686 841 1740 ἀλλ’
881 1687 940 1740 ἐν
980 1689 1213 1757 δυνάμει
1254 1687 1373 1758 [τῆς
1411 1687 1750 1756 ποσότητος].

972 1850 1037 1903 II.

553 1954 717 2024 Περὶ
757 1957 1063 2025 βραχείας
1105 1957 1450 2024 συλλαβῆς.
1873 1984 1916 2016 20

263 2057 516 2126 Ἀρκτεόν
562 2056 623 2111 δὲ
672 2059 776 2113 ἀπὸ
826 2062 1094 2128 βραχείας.
1173 2059 1315 2112 οὕτω
1355 2062 1550 2113 τοίνυν
1590 2058 1617 2112 ὁ
1652 2057 1850 2127 ‘Hcpoct-

154 2143 323 2193 στίων
379 2141 551 2209 αὐτὴν
610 2140 866 2210 ὁρίζεται·
939 2140 1222 2210 Βραχεῖοὶ
1276 2141 1412 2194 ε’στι
1469 2141 1758 2209 συλλαβὴ
1814 2139 1846 2207 ἡ

274 2276 298 2314 6
331 2271 466 2315 Dion.
494 2271 600 2314 Thr.
630 2275 699 2326 16,
719 2276 756 2314 7.
807 2271 948 2316 schol.
982 2271 1031 2314 in
1063 2271 1196 2317 Dion.
1224 2271 1330 2316 Thr.
1358 2276 1428 2327 48,
1449 2278 1582 2327 lsqq.
1619 2271 1737 2315 alias
1770 2270 1845 2313 At.

155 2330 277 2375 Fort.
297 2330 358 2374 VI
385 2335 492 2385 279,
511 2335 580 2375 22.
632 2330 747 2375 Mar.
768 2330 887 2375 Vict.
905 2331 969 2375 VI
994 2335 1071 2387 34,
1091 2336 1145 2376 28
1161 2347 1259 2388 sqq.
1319 2331 1460 2375 Prisc.
1489 2331 1571 2374 GL
1600 2330 1644 2374 ΙΙ
1674 2335 1753 2385 44,
1781 2334 1806 2373 3
1835 2330 1847 2385 ΙΙ

156 2395 180 2433 9
214 2390 300 2433 An.
327 2390 417 2433 AV
443 2393 497 2433 98
532 2395 556 2444 ξ
583 2395 622 2443 2,
642 2395 669 2433 4
701 2393 714 2446 ΙΙ
748 2395 801 2433 12
837 2391 893 2435 cf.
929 2404 1069 2447 supra
1100 2407 1144 2448 p.
1172 2395 1331 2445 83,12.
1397 2389 1554 2436 Choer.
1584 2395 1653 2444 34,
1674 2394 1727 2433 25
1747 2403 1846 2444 sqq.

156 2453 226 2502 36,
246 2454 300 2492 22
319 2464 417 2505 sqq.
468 2450 609 2493 schol.
644 2449 693 2492 in
726 2449 861 2494 Dion.
887 2450 994 2493 Thr.
1023 2454 1123 2504 205,
1141 2456 1198 2494 24
1213 2465 1311 2506 sqq.

276 2572 298 2610 1
340 2567 369 2624 ἡ
409 2569 546 2612 inser.
579 2567 802 2612 Mendels.
851 2571 865 2625 {l
913 2574 937 2612 6
971 2570 1051 2613 καὶ
1082 2568 1169 2625 γὰρ
1203 2567 1443 2622 Mendels.‚
1476 2567 1630 2613 καίτοι
1670 2568 1801 2612 codd.
1835 2571 1848 2624 Η

158 2631 181 2668 7
218 2623 286 2670 ὅτι
320 2629 367 2681 C,
403 2627 466 2672 ἔτι
499 2628 558 2682 Α,
592 2627 684 2672 ἔστι
718 2629 763 2672 Ρ
783 2630 797 2684 ΙΙ
821 2631 847 2671 8
878 2628 1020 2672 ταυτὸ
1056 2628 1094 2672 C
1117 2631 1122 2685 Ι
1152 2625 1216 2672 ὧν
1249 2628 1425 2680 Boivin,
1462 2625 1526 2670 ὧν
1560 2628 1644 2672 οὐκ
1677 2627 1809 2671 codd.
1836 2630 1849 2684 ss

157 2689 181 2728 9
223 2687 278 2730 οὐ
319 2686 406 2743 γὰρ
447 2686 643 2741 inserui3
689 2687 794 2730 fort.
829 2688 912 2746 οὐχ
952 2686 1221 2744 ὑπάγεσθαι
1262 2687 1349 2744 γὰρ
1392 2687 1494 2731 coll.
1522 2686 1612 2730 AV
1637 2691 1692 2730 98
1728 2692 1802 2741 §2
1841 2692 1844 2723 1

157 2743 298 2804 εἴποι]
331 2745 436 2802 εἴπη
469 2746 565 2790 ΑΟ
605 2749 621 2802 11
663 2751 716 2790 15
747 2744 1141 2804 τὸν-δίχρονον
1174 2761 1262 2791 om.
1291 2748 1329 2792 O
1367 2749 1380 2802 ΙΙ
1422 2751 1475 2789 17
1508 2753 1849 2803 καταμετροῦν-

153 2820 227 2854 τες
263 2806 317 2858 C,
357 2808 758 2861 καταριθμοῦντες
793 2806 837 2849 A
891 2808 904 2861 ΙΙ
962 2810 1015 2849 18
1053 2812 1136 2862 τῆς
1174 2803 1429 2862 ποσότητος
1461 2804 1549 2849 del.
1582 2805 1802 2850 Hoersch.
1836 2807 1848 2860 Η

156 2867 212 2904 20
244 2864 349 2918 περὶ
382 2862 600 2923 βραχείας
632 2866 858 2922 συλλαβῆς
887 2865 935 2907 in
970 2865 1101 2909 codd.
1136 2868 1241 2922 post
1280 2870 1335 2908 22
1373 2862 1584 2919 ὁρίζεται,
1617 2866 1846 2921 transpos.

155 2921 373 2966 Hoersch.
399 2925 414 2979 ΙΙ
440 2928 494 2966 22
529 2923 620 2967 ἐστι
654 2938 741 2968 om.
771 2925 806 2969 C
