2090 3158
594 147 717 187 VIII.
753 146 897 187 ΠΕΡΙ
926 145 1406 188 ΑΝΑΠΑΙΣΤΙΚΟΤ.
1780 145 1853 198 25

164 280 559 348 καταληκτικὸν
597 281 676 342 εἰς
713 282 1014 348 συλλαβήν,
1052 279 1115 332 τὸ
1155 280 1500 346 καλούμενον
1531 277 1855 349 Ἀριστοφά-

163 381 318 414 νειον
356 360 522 430 (Nub.
555 359 689 432 962)

387 441 465 496 ὅτ’
512 441 617 511 ἐγὼ
665 444 731 495 τὰ
777 444 963 495 δίκαια
1009 442 1186 511 λέγων
1231 444 1452 511 ἤνθουν
1498 443 1586 495 καὶ
1636 456 1855 512 σωφρο-

1269 525 1410 593 σύνη
1423 526 1741 592 ,νενόμιστο
1752 541 1763 551 ·

162 605 414 674 κέκληται
469 606 531 658 δὲ
579 604 1026 675 Ἀριστοφάνειον
1081 607 1183 659 οὐκ
1240 605 1670 675 Ἀριστοφάνους
1720 606 1854 659 αὐτὸ
1879 627 1901 659 5

162 686 424 755 εὑρόντος
460 688 701 757 πρώτου,
753 686 866 740 ἐπεὶ
917 689 1006 740 καὶ
1053 689 1201 757 παρὰ
1240 690 1500 759 Κρατίνῳ
1541 686 1659 739 ε’στί
1697 685 1854 759 (220)

384 771 597 838 χαίρετε
637 770 894 836 δαίμονες
932 770 985 821 οἱ
1020 770 1328 838 Λεβάδειαν
1360 770 1631 822 Βοιώτιον
1671 764 1854 838 οὖθαρ

1269 850 1527 919 ἀρούρης,

0 985 3 990 ,
31 941 129 999 [49]
163 931 300 984 ἀλλὰ
333 933 425 984 διὰ
455 933 515 985 τὸ
548 933 646 984 τὸν
689 931 1088 1002 Ἀριστοφάνην
1113 935 1306 1004 ’πολλῷ
1339 933 1487 1003 αὐτῷ
1526 937 1854 1001 κεχρῆσθαι·

163 1014 247 1082 (3)
287 1014 374 1066 καὶ
415 1014 521 1083 πρὸ
555 1017 839 1082 Κρατίνου
875 1012 1002 1082 παρ’
1034 1012 1365 1086 Ἐπιχάρμῳ,
1397 1013 1458 1076 ὃς
1487 1014 1578 1065 καὶ
1612 1014 1712 1066 ὅλα
1751 1015 1855 1067 δύο
1882 1037 1926 1069 ιο

163 1095 410 1165 δράματα
440 1096 617 1167 τούτῳ
650 1102 724 1168 τῷ
749 1095 928 1167 μέτρῳ
960 1094 1222 1164 γέγραφε,
1261 1097 1391 1158 τούς
1415 1115 1473 1148 τε
1506 1096 1858 1163 Χορεύοντας

161 1178 250 1230 καὶ
282 1178 381 1230 τὸν
405 1175 703 1230 Ἐπίνικον.
736 1175 1111 1246 Ἀριστόξενος
1142 1178 1203 1230 δὲ
1235 1177 1262 1230 ὁ
1296 1178 1693 1239 Σελινούντιος
1709 1175 1858 1229 Ἐπι-

161 1259 373 1328 χάρμου
427 1260 799 1327 πρεσβύτερος
852 1258 1068 1327 ἐγένετο
1122 1262 1350 1328 ποιητής
1401 1254 1492 1330 (οὗ
1548 1259 1637 1311 καὶ
1693 1259 1859 1321 αὐτὸς

154 1339 483 1410 Ἐπίχαρμος
522 1337 643 1412 (88)
682 1341 1015 1409 μνημονεύει
1056 1340 1118 1394 ἐν
1156 1343 1320 1413 Λόγῳ
1360 1342 1450 1394 καὶ
1492 1343 1739 1410 Λογίνᾳ.

385 1423 438 1474 οἱ
477 1424 608 1484 τοὺς
648 1422 879 1489 ἰάμβους
917 1423 1007 1475 καὶ
1047 1423 1144 1475 τὸν
1182 1423 1466 1492 ’Ῐ-ἄριστον
1504 1424 1729 1491 τρόπον,
1882 1445 1925 1478 15

386 1504 452 1556 ὃν
490 1512 696 1572 πρᾶτος
735 1503 1059 1572 εἰσηγήσαθ’
1098 1501 1500 1574 Ὡριστόξενος)

73 1598 128 1637 27
161 1586 252 1637 καὶ
282 1586 484 1638 τούτου
516 1588 712 1638 τοίνυν
743 1593 843 1637 τοῦ
868 1584 1254 1654 Ἀριστοξένου
1293 1586 1698 1653 μνημονεύεταί
1733 1605 1858 1638 τινα

162 1667 339 1738 τούτῳ
378 1673 454 1738 τῷ
491 1666 669 1739 μέτρῳ
708 1666 1057 1736 γεγραμμένα
1097 1665 1159 1738 (O
1174 1665 1270 1719 GF
1302 1665 1464 1737 p.87)

384 1751 467 1811 τίς
498 1748 792 1813 ἀλαζονίαν
821 1751 1083 1801 πλείσταν
1114 1748 1337 1818 παρέχει
1369 1758 1480 1801 τῶν
1516 1748 1856 1818 ἀνθρώπων;

1267 1831 1352 1883 τοὶ
1391 1830 1634 1897 μάντεις·
1883 1853 1927 1885 20

6 1920 130 1978 [50]
163 1912 249 1980 (4)
299 1912 360 1964 τὸ
401 1911 589 1979 μέντοι
628 1913 728 1964 τὸν
768 1912 1066 1964 σπονδεῖον
1104 1909 1258 2014 ἕχον,
1299 1911 1436 1964 ἄλλα
1473 1913 1544 1980 μὴ
1586 1913 1683 1964 τὸν
1723 1911 1855 1964 ἀνά-

162 2007 396 2046 παιστον
448 1996 838 2062 παραλήγοντα
900 1994 1043 2046 εἰσὶν
1105 1996 1162 2046 οἳ
1222 1994 1547 2046 Λακωνικὸν
1608 1997 1858 2062 καλοῦσι,

163 2077 571 2145 προφερόμενοι
611 2075 956 2142 παράδειγμα
994 2075 1054 2127 τὸ

287 2331 308 2369 1
343 2323 732 2383 Αριστοφάνειον]
759 2325 893 2368 Dion.
928 2325 1031 2368 Hal.
1063 2325 1120 2369 de
1155 2339 1303 2381 comp.
1330 2325 1452 2369 verb.
1481 2340 1517 2368 c.
1544 2329 1599 2368 25
1624 2340 1669 2380 p.
1692 2328 1789 2375 127,
1819 2330 1857 2368 1

168 2388 266 2437 128,
300 2387 414 2458 6115
449 2384 616 2428 Suidas
650 2399 683 2427 s.
710 2399 748 2428 v
770 2382 1102 2440 Ἀριστοφάνης
1133 2387 1147 2439 ΙΙ
1179 2390 1228 2428 21
1277 2384 1435 2440 Steph.
1470 2384 1576 2440 Byz
1611 2399 1643 2426 s.
1671 2399 1709 2427 v.
1749 2386 1858 2427 Τελ-

166 2441 337 2500 μησσός
360 2446 373 2499 ΙΙ
399 2448 453 2487 23
488 2443 671 2487 ScholA
714 2442 875 2487 Choer.
905 2448 973 2497 73,
1003 2449 1069 2486 12.
1126 2443 1240 2487 Mal.
1266 2443 1387 2487 Viot.
1407 2443 1469 2486 Vl
1495 2448 1566 2497 98,
1592 2447 1647 2485 2·'
1626 2457 1766 2498 ...sqq

285 2670 307 2707 7
343 2665 388 2709 οἳ
421 2666 470 2709 D
507 2669 522 2722 Η
561 2671 586 2708 9
619 2665 670 2709 τὸ
703 2680 790 2708 om.
826 2666 876 2708 D
903 2667 907 2720 Ι
937 2666 1061 2720 αὐτῷ
1094 2667 1353 2722 κεχρῆσθαι
1384 2667 1535 2722 πολλῷ
1569 2666 1600 2707 Ι
1630 2666 1645 2720 ΙΙ
1683 2667 1737 2706 10
1771 2663 1858 2707 δύο

164 2737 251 2767 0111.
287 2726 337 2768 D
374 2727 388 2780 ll
429 2729 482 2767 12
518 2722 730 2768 ἐπίιικον
763 2725 874 2777 AG,
909 2722 1139 2768 ἐπινίκιον
1173 2726 1263 2768 DI
1296 2726 1310 2779 ΙΙ
1344 2729 1398 2767 14
1429 2726 1643 2780 λογγῖνος
1674 2724 1759 2766 ID
1792 2722 1858 2779 (in

166 2785 215 2827 D
248 2796 302 2826 ex
333 2781 528 2840 λογγίνω
563 2798 675 2827 corr.
691 2788 727 2837 5³)
767 2786 781 2839 ll
823 2788 876 2826 15
910 2783 1080 2827 καττὸν
1120 2783 1319 2839 ἀρχαῖον
1351 2783 1526 2826 Porson
1551 2785 1565 2838 ΙΙ
1592 2787 1645 2826 16
1678 2789 1860 2837 πρῶτος

168 2844 257 2885 DI
275 2845 290 2899 ss
317 2847 368 2886 19
403 2841 655 2894 ἀλαζονίαν
680 2844 778 2886 AD
804 2841 977 2897 Choer„
1010 2840 1286 2894 ἀλαζονείαν
1319 2844 1351 2885 Ι
1373 2844 1378 2898 Ι
1406 2840 1624 2885 πλεῖσται
1658 2854 1744 2884 om.
1780 2842 1859 2897 Du

167 2906 222 2943 20
255 2918 326 2946 τοι
359 2903 490 2947 codd.
516 2903 531 2957 ΙΙ
557 2906 610 2944 23
643 2901 940 2958 παράδειγμα
974 2901 1024 2945 τὸ
1058 2900 1240 2956 Caesa-r,
1273 2899 1630 2958 παραδείγματα
1664 2900 1796 2943 codd.
