2060 3168
630 186 759 226 xvn
789 186 934 226 ΠΕΡΙ
962 183 1136 226 ΕΠῼΝ
1167 183 1385 225 ΧΩΛΩΝ
1742 181 1848 234 291

10 323 132 379 (170)
165 317 301 385 φασὶ
342 317 407 371 δέ
441 338 587 381 τινες
623 320 714 372 καὶ
752 318 878 387 περὶ
917 320 1148 387 τούτων,
1198 319 1280 371 ὅτι
1321 317 1349 371 ὁ
1389 320 1632 386 ποιητής,
1673 318 1854 386 εὐφω-

164 400 286 461 νίας
323 403 536 466 μᾶλλον
574 399 606 469 ἢ
646 399 849 469 μέτρου
888 402 1215 469 φροντίζων,
1254 397 1407 453 ἔστιν
1444 399 1584 452 ὅπου
1624 407 1719 468 τῆς
1750 406 1851 451 τοῦ

162 479 365 548 μέτρου
414 481 694 550 ἀκριβείας
745 483 1014 553 ὑπερορᾷ,
1068 479 1160 535 καὶ
1213 490 1378 534 τοῦτο
1426 480 1598 549 δῆλον
1644 479 1702 532 ἐκ
1751 487 1851 532 τοῦ

164 559 259 632 (Μ
280 561 412 634 208)

317 647 499 713 Τρῶες
538 644 587 697 δ’
628 645 940 715 ἐρρίγησαν,
980 645 1095 698 ἐπεὶ
1138 646 1261 697 ἴδον
1302 649 1495 698 αἴολον
1533 645 1669 712 ὅφιν
1896 663 1916 696 5

163 722 430 795 (ἠδύνατο
470 728 574 796 γὰρ
616 728 791 780 εἰπεῖν

317 810 498 876 Τρῶες
537 807 584 860 δ’
626 809 938 877 ἐρρίγησαν,
978 808 1124 870 ὅπως
1163 810 1298 876 ὅφιν
1336 811 1529 860 αἴολον
1568 800 1764 874 εἶδον),

0 936 1 945 ,
72 885 194 955 24ἢ
243 887 326 940 ὅτι
382 887 628 942 ἐνταῦθα
676 890 703 943 ὁ
751 891 976 958 ποιητὴς
1029 888 1233 958 ᾔσθετο
1280 897 1374 957 τῆς
1420 896 1518 941 τοῦ
1567 886 1762 950 δασέος
1808 909 1849 955 φ

160 968 519 1038 ἐκφωνήσεως
556 971 726 1024 πλέον
761 991 812 1024 τι
853 970 1082 1040 ἐχούσης
1115 972 1207 1023 διὰ
1237 972 1338 1040 τὴν
1370 971 1720 1039 σφοδρότητα
1749 977 1849 1022 τοῦ

158 1052 490 1120 πνεύματος,
539 1053 611 1114 ὡς
658 1054 746 1105 καὶ
780 1050 1102 1122 ἹΙλιοδώρῳ
1148 1054 1300 1105 δοκεῖ
1339 1060 1401 1122 τῇ
1452 1052 1643 1121 δασείᾳ
1679 1050 1849 1103 πλέον
1874 1071 1922 1102 ιο

157 1152 210 1184 τι
258 1132 457 1200 νέμειν.
534 1135 596 1186 τὸ
654 1136 787 1187 αὐτό
835 1147 972 1203 φασι
1019 1135 1108 1186 καὶ
1155 1133 1280 1203 περὶ
1328 1141 1428 1186 τοῦ
1476 1135 1846 1202 Ζεφυρειήν

158 1215 227 1282 (p.
262 1214 384 1282 290,
410 1214 520 1286 28).
599 1215 736 1268 ἀλλὰ
770 1218 905 1269 κατὰ
944 1223 1146 1269 τοῦτον
1184 1217 1282 1268 τὸν
1322 1217 1492 1284 λόγον
1532 1214 1739 1278 δόξειεν
1778 1213 1877 1266 ἂν·

156 1294 262 1348 κάν
316 1298 493 1370 τούτῳ
549 1300 650 1366 τὴν
706 1301 757 1362 ζε
812 1298 1096 1366 συλλαβὴν
1145 1298 1361 1366 μακρὰν
1411 1291 1552 1349 εἶναι
1609 1297 1700 1348 διὰ
1746 1298 1852 1364 τὴν

156 1384 256 1429 τοῦ
305 1378 502 1440 δασέος
550 1399 591 1447 φ
633 1377 947 1447 ἐπαγωγήν,
995 1379 1067 1440 ὡς
1113 1379 1201 1431 καὶ
1248 1378 1307 1431 ἑν
1352 1385 1426 1450 τῷ
1462 1379 1627 1447 ὄφιν
1668 1375 1736 1447 (v.
1770 1378 1849 1441 ὃ).

157 1457 286 1511 ἀλλ’
316 1460 349 1527 ἡ
390 1479 473 1529 ρει
513 1462 759 1528 συλλαβὴ
800 1461 892 1512 διὰ
931 1461 1252 1528 διφθόγγου
1287 1459 1607 1529 γραφομένη
1650 1460 1751 1512 οὐκ
1785 1459 1845 1529 ἑᾷ
1872 1478 1913 1510 15

155 1539 254 1592 τὸν
295 1542 464 1608 λόγον
502 1549 704 1594 τοῦτον
743 1541 1045 1594 ἄπταιστον
1082 1545 1379 1611 προβῆναι·
1426 1542 1492 1594 οὐ
1534 1542 1637 1610 γὰρ
1679 1542 1846 1594 δύνα-

155 1641 243 1673 ται
291 1623 383 1674 διὰ
433 1631 544 1674 τῶν
591 1633 762 1691 τριῶν
807 1624 1019 1676 τούτων
1067 1627 1359 1692 συλλαβῶν
1407 1623 1676 1685 δάκτυλος
1714 1637 1845 1676 συν-

155 1704 434 1769 ίστασθαι,
479 1706 526 1757 εἰ
565 1707 639 1772 μή
677 1723 785 1757 που
825 1705 926 1772 τὴν
966 1724 1047 1771 ρει
1089 1706 1371 1774 συλλαβὴν
1411 1706 1502 1757 διὰ
1542 1713 1640 1757 τοῦ
1683 1725 1700 1757 ι
1741 1708 1844 1773 φή-

155 1798 311 1836 σειαν
362 1785 693 1855 γράφεσθαι.
741 1818 814 1823 —
849 1784 994 1854 ”Ηδη
1044 1785 1108 1838 δέ
1144 1807 1290 1848 τινες
1328 1784 1418 1839 καὶ
1458 1793 1557 1838 τοῦ
1599 1785 1844 1855 Βορέης

152 1866 256 1933 τὴν
302 1869 369 1934 βο
418 1868 507 1919 καὶ
556 1887 615 1934 ρε
664 1869 947 1936 συλλαβὴν
987 1866 1343 1937 ἐπεχείρησαν
1382 1868 1475 1920 διὰ
1514 1870 1843 1936 συνιζήσεως
1867 1886 1909 1917 20

0 1974 9 2026 ἰ
154 1947 232 2008 εἰς
269 1949 402 2015 μίαν
441 1950 656 2016 μακρὰν
695 1949 1019 2016 συνάπτειν,
1060 1949 1313 2017 λέγοντες
1352 1949 1423 2012 ὡς
1461 1950 1595 2018 μετὰ
1634 1950 1734 2017 τὴν
1773 1952 1840 2018 βο

153 2031 437 2096 συλλαβὴν
476 2037 575 2082 τοῦ
610 2051 640 2099 ρ
674 2028 1095 2100 ἐπιφερομένου,
1137 2031 1270 2100 ὅπερ
1309 2031 1381 2093 ὡς
1420 2038 1644 2099 φωνῆεν
1682 2051 1842 2083 κατα-

154 2111 418 2176 λογίζεται
460 2112 575 2176 (διὰ
614 2119 777 2164 τοῦτο
819 2113 922 2180 γὰρ
955 2113 1045 2164 καὶ
1078 2113 1374 2165 δασύνεται
1407 2111 1466 2164 ἐν
1497 2112 1671 2179 πάσης
1704 2111 1839 2182 ἀρχῇ

152 2189 386 2261 λέξεως),
426 2189 594 2244 οὐδὲν
629 2190 780 2244 ἔσται
820 2192 1086 2259 ἐμπόδιον
1117 2195 1313 2262 κοινὴν
1345 2193 1606 2261 γενέσθαι
1640 2197 1839 2246 συλλα-

150 2274 271 2341 βήν.
348 2272 621 2341 ἀκέφαλος
667 2269 771 2326 οὖν
813 2274 987 2344 πάντῃ
1029 2274 1404 2344 ἀθεράπευτός
1450 2274 1624 2343 ἐστιν,
1666 2276 1739 2338 ὡς
1779 2274 1839 2328 ἐν
1863 2292 1906 2324 25

149 2359 218 2425 τςῖ
260 2351 335 2424 (A
364 2352 492 2424 193)

299 2434 398 2498 ἕως
424 2435 452 2488 ὃ
479 2434 652 2488 ταῦθ’
669 2436 907 2505 ὥρμαινε
939 2439 1074 2490 κατὰ
1107 2438 1284 2508 φρένα
1309 2439 1398 2491 καὶ
1423 2439 1559 2491 κατὰ
1583 2441 1772 2505 θυμόν

148 2516 236 2568 καὶ
277 2515 338 2569 ἐν
376 2523 450 2589 τῷ
486 2515 543 2588 (δ
570 2515 663 2587 90)

297 2597 396 2660 ε’ως
436 2596 542 2666 ἐγὼ
583 2599 706 2667 περι
747 2609 914 2652 κεῖνα.

0 2678 115 2750 ful)
148 2678 379 2749 οὐδεμιᾷ
432 2680 534 2748 γὰρ
589 2688 802 2750 μηχανῇ
858 2682 984 2734 οὔτε
1040 2683 1132 2734 διὰ
1185 2686 1514 2751 συνιζήσεως
1568 2684 1694 2736 οὔτε
1742 2685 1833 2737 διὰ
1858 2699 1901 2731 :30

0 2500 8 2525 vu
0 2174 10 2479 beaw-*qw‘v‘u

0 2837 8 2888 ,ι
267 2828 322 2867 10
355 2823 411 2867 cf.
443 2824 601 2868 Choer.
631 2829 728 2879 197,
749 2830 802 2869 15

268 2939 439 2978 18—19
472 2935 632 2991 φήσειε
665 2937 798 2981 codd.
845 2939 859 2993 ΙΙ
907 2943 960 2981 23
994 2938 1145 2995 πάσης
1175 2938 1402 2996 Egen01ff‚
1434 2939 1559 2998 πάσῃ
1592 2941 1724 2984 codd.

1477 3013 1564 3056 19*

0 2937 12 2972 P

0 3044 17 3168 ’ἰ
