2090 3158
606 181 702 221 XV.
753 181 896 221 ΠΕΡΙ
926 180 1391 223 ΑΣΤΝΑΡΤΗΤΩΝ.
1767 183 1838 234 49

149 314 220 382 μὴ
262 312 515 376 ἀπεοικὸς
554 321 628 386 τῷ
669 316 1021 387 προσοδιακῷ
1065 314 1286 384 γένηται
1326 317 1386 368 τὸ
1427 316 1838 386 ἀναπαιστικὸν,

149 394 281 463 ὅπερ
339 393 488 447 ἐστὶν
542 394 595 458 ἐξ
653 397 879 448 ι’ωνικοῦ
920 394 1009 448 καὶ
1050 399 1426 466 χοριαμβικοῦ.
1505 399 1736 451 δύναται
1778 399 1842 452 δέ

147 495 228 538 τις
281 478 600 544 βιαζόμενος
650 477 740 530 καὶ
796 475 916 546 ἑξῆς
970 479 1149 531 ὄντων
1209 479 1311 531 δύο
1376 481 1710 548 σπονδείων,
1767 482 1838 543 ὡς

145 559 291 627 παρὰ
330 556 616 630 Ἀρχιλόχῳ

502 654 684 707 ἀστῶν
723 654 783 707 δ’
822 656 874 708 οἱ
914 652 1015 724 μὲν
1053 655 1168 709 κατ’
1209 658 1446 710 ὄπισθεν
1886 679 1904 711 5

16 754 114 814 [92]
146 751 244 803 τὸν
288 760 509 820 πρῶτον
547 752 825 818 μολοσσὸν
863 754 1095 820 ποιήσας
1142 751 1232 805 καὶ
1281 753 1465 822 λαβὼν
1505 754 1675 806 αὐτὸν
1716 753 1837 806 ἀντὶ

148 833 375 885 ἰωνικοῦ
407 840 506 885 τοῦ
539 831 644 886 ἀπὸ
675 836 939 900 μείζονος,
975 834 1070 886 τὸν
1104 832 1224 903 ἑξῆς
1254 837 1558 905 χορίαμβον
1597 843 1838 903 ποιῆσαι,

147 915 198 966 εἰ
226 915 297 983 μὴ
331 915 436 985 ἄρα
468 912 529 967 ἐν
560 921 629 987 τςῖ
661 916 1012 987 προσοδιακῷ
1040 915 1072 983 ἡ
1106 918 1422 983 συναίρεσις
1453 924 1551 969 τοῦ
1594 917 1838 984 ῑωνικοῦ,

146 995 429 1048 τουτέστιν
469 995 497 1048 ὁ
529 998 817 1064 μολοσσός,
856 997 928 1065 μὴ
970 996 1237 1064 ἐμπίπτοι.

261 1078 343 1145 (6)
362 1077 707 1146 Ὑπονοήσειε
740 1077 799 1131 δ’
824 1079 893 1132 ἄν
923 1099 1005 1142 τις
1037 1078 1126 1132 καὶ
1159 1083 1348 1148 τρίτην
1381 1081 1659 1149 διαφορὰν
1691 1074 1833 1133 εἶναι
1864 1101 1904 1132 10

58 1167 113 1208 50
146 1165 219 1231 τῷ
266 1158 555 1231 Ἀρχιλόχῳ
607 1160 745 1229 πρὸς
795 1163 925 1222 τοὺς
970 1160 1094 1227 μετ’
1149 1160 1342 1228 αὐτόν,
1397 1160 1536 1214 καθ’
1585 1161 1655 1229 ἣν
1710 1161 1839 1214 ἀνα-

145 1245 354 1314 παίστῳ
390 1242 542 1294 δοκεῖ
580 1248 654 1314 τῷ
688 1243 884 1313 πρώτῳ
925 1248 1183 1311 χρῆσθαι,

257 1336 388 1407 ἐρέω
406 1341 549 1391 πολὺ
568 1343 779 1408 φίλταθ
792 1337 805 1357 ’
823 1336 1071 1407 ἑταίρων,
1088 1338 1310 1407 τέρψεαι
1331 1340 1363 1392 δ
1379 1338 1390 1358 ’
1408 1336 1753 1409 ἀκούων(80)
1766 1370 1837 1377 -

256 1419 469 1488 φιλέειν
494 1422 737 1489 στυγνόν
760 1439 861 1489 περ
888 1419 1064 1489 ἐόντα,
1096 1421 1234 1489 μηδὲ
1260 1420 1613 1490 διαλέγεσθαι
1642 1419 1777 1491 (81),

144 1509 186 1588 ᾧ
237 1516 339 1568 οὐκ
402 1514 701 1584 ἐχρήσαντο
758 1514 975 1568 ἐκεῖνοι.
1061 1518 1315 1585 φαίνεται
1371 1514 1431 1570 δὲ
1491 1516 1620 1570 οὐδ’
1675 1517 1837 1580 αὐτὸς
1864 1537 1902 1569 15

143 1596 493 1666 κεχρημένος·
529 1598 760 1650 δύναται
795 1598 898 1667 γὰρ
933 1596 1212 1667 ἀμφότερα
1243 1599 1378 1651 κατὰ
1412 1599 1838 1667 συνεκφώνησιν

144 1680 221 1740 εἰς
248 1681 450 1747 ἴαμβον
474 1681 883 1748 περιίστασθαι,
908 1679 939 1746 ἡ
967 1680 1027 1732 δὲ
1054 1682 1329 1747 φαντασία
1361 1688 1459 1733 τοῦ
1494 1680 1834 1732 ἀναπαίστου

143 1760 337 1829 γέγονε
389 1762 481 1813 διὰ
530 1762 632 1830 τὴν
684 1762 912 1829 ἰωνικὴν
968 1761 1027 1814 ἐν
1083 1760 1316 1834 ἑκατέρῳ
1365 1763 1659 1831 διαίρεσιν·
1701 1762 1836 1814 ὥστε

142 1843 237 1905 τὰς
275 1841 672 1911 προειρημένας
710 1844 882 1911 μόνας
919 1843 1021 1895 δύο
1063 1844 1335 1912 διαφορὰς
1368 1837 1510 1896 εἶναι
1550 1852 1665 1905 τοῖς
1704 1862 1836 1895 νεω-

144 1923 321 1994 τέροις
359 1925 494 1994 πρὸς
533 1925 630 1977 τὸν
672 1925 1002 1991 ἰαμβοποιὸν
1034 1923 1362 1993 Ἀρχίλοχον.
1441 1924 1525 1993 (7)
1562 1927 1836 1993 Κρατῖνος
1862 1945 1903 1976 20

145 2002 206 2059 δὲ
247 2005 380 2058 ὅταν
420 2005 548 2076 λέγῃ
590 2004 651 2058 ἐν
689 2014 804 2068 τοῖς
843 2004 1176 2075 Ἀρχιλόχοις
1217 2005 1337 2078 (10)

10 2107 109 2167 [93]
377 2101 734 2172 Ἐρασμονίδη
776 2102 1035 2154 Βάθιππε
1074 2111 1184 2155 τῶν
1225 2101 1554 2171 ἀωρολείων,

144 2207 306 2253 τοῦτο
366 2201 426 2252 τὸ
489 2198 690 2268 μέτρον
744 2198 938 2266 ἀγνοεῖ
988 2198 1072 2251 ὅτι
1128 2198 1230 2251 οὐκ
1284 2199 1544 2268 ἄντικρυς
1597 2206 1834 2266 μιμεῖται

144 2289 244 2334 τοῦ
285 2280 596 2350 Ἀρχιλόχου
637 2281 735 2333 τὸν
785 2278 1195 2349 Ἐρασμονίδην.

256 2362 340 2430 (8)
368 2360 467 2414 “Εν
504 2359 605 2429 μὲν
645 2363 712 2430 δὴ
753 2369 915 2415 τοῦτο
956 2372 1066 2414 τῶν
1098 2360 1234 2430 παρ’
1278 2360 1562 2431 Ἀρχιλόχῳ
1596 2360 1834 2428 ἀσυναρ-
1861 2381 1900 2412 25

267 2527 287 2565 1
324 2523 425 2566 ἀπε.
452 2539 488 2565 τ.
515 2538 560 2566 π
589 2540 627 2579 γ.
655 2536 710 2566 ex
734 2526 805 2578 48,
824 2527 877 2566 21
912 2522 1080 2579 mcepi,
1115 2521 1354 2576 ἀλλότριον
1386 2539 1425 2578 γ.
1452 2538 1487 2563 τ.
1515 2521 1558 2564 ἀ.
1585 2527 1666 2564 τοῦ
1691 2534 1833 2574 προσ-

146 2585 340 2626 οδιακοῦ
374 2582 505 2625 codd.
554 2584 568 2638 ΙΙ
623 2587 648 2624 2
683 2582 873 2626 ἰωνικοῠ
906 2583 964 2637 Α,
999 2582 1217 2640 ἰαμβικοῦ
1250 2583 1282 2624 Ι
1323 2583 1336 2636 ΙΙ
1384 2586 1408 2622 5
1442 2578 1732 2623 κατόπισθεν
1763 2581 1793 2622 Ι

146 2646 171 2684 6
204 2641 285 2685 τὸν
316 2641 388 2684 vel
423 2641 474 2684 τὸ
507 2648 692 2714 πρῶτον
725 2641 770 2697 (i.
798 2655 836 2684 e.
870 2641 920 2685 τὸ
954 2644 1000 2698 ἃ)
1041 2641 1335 2684 scribendum
1368 2639 1570 2691 videtur,
1604 2639 1686 2682 τὸν
1719 2639 1835 2682 ἀνά-

145 2714 344 2744 παιστον
376 2701 476 2753 ΑΙ,
521 2701 603 2744 τὸν
643 2708 827 2756 πρῶτον
861 2701 1110 2744 σπονδεῖον
1141 2700 1221 2743 καὶ
1251 2700 1336 2756 τὴν
1368 2705 1448 2742 τοῦ
1482 2697 1700 2753 δευτέρου
1733 2701 1834 2741 συλ-

148 2758 291 2817 λαβήν
324 2761 396 2813 Ης
440 2759 496 2802 ef.
532 2759 672 2803 schol.
708 2759 771 2802 Κἰ
810 2758 956 2815 7’7'20vv
995 2759 1077 2804 τὸν
1116 2766 1300 2814 πρῶτον
1341 2759 1590 2802 σπονδεῖον
1629 2758 1709 2800 καὶ
1751 2757 1834 2812 τὴν

145 2824 228 2861 τοῦ
254 2817 472 2874 δευτέρου
498 2818 748 2876 συλλαβήν;
771 2818 854 2863 τὸν
879 2825 1062 2873 πρῶτον
1089 2820 1336 2862 σπονδεῖον
1362 2817 1440 2861 καὶ
1464 2816 1549 2872 τὴν
1575 2817 1833 2874 <πρώτην>

145 2883 228 2921 τοῦ
261 2876 478 2933 δευτέρου
505 2877 732 2936 συλλαβήν
757 2878 994 2921 Hermann
1019 2882 1032 2930 11
1059 2882 1110 2920 17
1138 2875 1430 2921 ἀναπαίστου
1464 2875 1622 2932 γέγονε
1648 2877 1687 2929 Ι
1721 2875 1834 2918 ἀνά-

147 2950 343 2980 παιστον
376 2935 618 2992 γεγονέναι
651 2939 694 2981 Α
719 2939 731 2993 ΙΙ
760 2942 812 2980 19
847 2937 931 2980 δύο
965 2935 1111 2993 μόνας
1142 2938 1174 2980 Ι

235 3019 499 3051 Hnmmzs'no
525 3019 581 3050 ed.
601 3018 815 3050 Gonsbru
827 3020 889 3051 ch.
1541 3013 1566 3050 4
