2060 3168
315 611 347 670 Ι
396 610 997 673 oomOENTARH
1041 610 1158 671 DE
1205 592 1762 671 HEXAMETRO.

739 741 803 794 A.
850 741 1026 794 ΠΕΡΙ
1065 741 1340 795 ΠΑΘΩΝ.

680 861 725 914 1.
764 860 961 914 Athen.
994 859 1123 913 XIV
1148 860 1256 913 632
1283 880 1325 915 c.
1352 861 1398 913 d.

298 959 398 1007 Ὅτι
430 962 482 1008 δὲ
521 963 638 1017 πρὸς
668 962 754 1018 τὴν
785 962 1011 1019 μουσικὴν
1044 962 1310 1006 οἰκειότατα
1343 961 1570 1007 διέκειντο
1603 961 1648 1007 οἱ
1680 963 1882 1020 ἀρχαῖοι,

185 1031 331 1086 δῆλον
363 1030 445 1074 καὶ
477 1030 523 1083 ἐξ
550 1027 771 1085 Ὁμήρου·
808 1028 858 1079 ὃς
889 1028 970 1074 διὰ
999 1029 1052 1073 τὸ
1086 1028 1501 1086 μεμελοποιηκέναι
1531 1036 1690 1073 πᾶσαν
1715 1029 1883 1074 ἑαυτοῦ
1929 1044 1949 1077 6

183 1096 272 1152 τὴν
303 1094 492 1152 ποίησιν
523 1097 802 1152 ἀφροντιστὶ
834 1096 981 1154 [τοὺς]
1014 1097 1212 1146 πολλοὺς
1242 1097 1511 1152 ἀκεφάλους
1540 1103 1669 1140 ποιεῖ
1699 1094 1882 1155 στίχους

185 1163 268 1206 καὶ
305 1162 558 1219 λαγαρούς,
599 1162 664 1206 ἔτι
697 1161 748 1207 δὲ
780 1163 1037 1218 μειούρους.
1101 1163 1381 1220 Ξενοφάνης
1413 1164 1463 1208 δὲ
1495 1165 1576 1207 καὶ
1607 1163 1771 1208 Σόλων
1803 1165 1883 1208 καὶ

192 1228 384 1287 Θέογνις
417 1230 497 1273 καὶ
531 1231 813 1286 Φωκυλίδης,
847 1229 913 1273 ἔτι
945 1227 995 1274 δὲ
1022 1227 1316 1285 Περίανδρος
1348 1229 1371 1274 ὃ
1398 1228 1658 1284 Κορίνθιος
1689 1231 1883 1288 ἐλεγειο-

182 1296 322 1346 ποιὸς
353 1297 434 1340 aaz
463 1303 556 1340 τῶν
586 1299 762 1340 λοιπῶν
796 1295 840 1340 οἱ
872 1296 933 1353 μὴ
964 1296 1279 1353 προσάγοντες
1305 1297 1423 1352 πρὸς
1445 1297 1503 1341 τὰ
1534 1297 1773 1354 ποιήματα
1804 1313 1881 1354 με-

185 1361 361 1422 λῳδίαν
402 1363 652 1407 ἐκπονοῦσι
689 1363 798 1413 τοὺς
837 1361 1021 1421 στίχους
1050 1371 1148 1413 τοῖς
1178 1364 1403 1419 ἀριθμοῖς
1434 1365 1514 1407 καὶ
1544 1370 1599 1420 τῇ
1629 1363 1757 1417 τάξει
1788 1371 1881 1408 τῶν
1906 1379 1950 1411 10

182 1428 362 1485 μέτρων
385 1465 395 1473 .
416 1466 424 1473 .
445 1465 454 1473 .
480 1430 560 1474 καὶ
593 1437 863 1483 σκοποῦσιν,
897 1429 1020 1481 οπως
1053 1430 1206 1474 αὐτῶν
1237 1431 1399 1487 μηδεὶς
1431 1430 1614 1490 <μήτε>
1647 1429 1883 1486 ἀκέφαλος

188 1495 315 1539 ἔσται
347 1495 458 1552 μήτε
490 1498 692 1554 λαγαρὸς
722 1496 833 1553 μήτε
866 1494 1092 1552 μείουρος.

309 1568 346 1607 1.
401 1561 688 1620 Ἀκέφαλοι
737 1562 790 1608 δέ
836 1564 953 1607 εἰσιν
1000 1562 1044 1607 οἱ
1092 1562 1168 1607 ἐπὶ
1214 1569 1296 1619 τῆς
1336 1564 1479 1620 ἀρχῆς
1520 1563 1606 1620 τὴν
1645 1562 1881 1622 χωλότητα

184 1628 213 1673 ἔ
241 1645 372 1681 οντες

211 1645 238 1686 κ
365 1689 525 1745 ἐπειδὴ
558 1688 676 1746 νῆάς
706 1706 754 1734 τε
785 1690 866 1734 καὶ
893 1687 1231 1746 Ἑλλήσποντον
1264 1688 1419 1734 ἵκοντο
1453 1692 1523 1746 (Ψ
1538 1692 1597 1746 2),
1904 1704 1947 1737 15

366 1754 579 1807 ἐπίτονος
608 1755 858 1800 τετάνυστο
889 1757 999 1815 βοὸς
1031 1754 1104 1812 ἶφι
1136 1755 1384 1813 κταμένοιο
1418 1758 1464 1813 (μ
1483 1759 1599 1812 423).

306 1828 344 1865 2.
379 1823 635 1880 Λαγαροὶ
668 1823 718 1868 δὲ
752 1823 798 1867 οἱ
830 1823 880 1867 ἐν
912 1823 1048 1882 μέσῳ,
1080 1821 1182 1868 οἷον

364 1885 487 1945 αἶψα
520 1887 567 1934 δ’
597 1887 674 1945 ἄρ’
702 1888 898 1934 Αἰνείαν
931 1889 1068 1945 φίλον
1100 1890 1206 1934 υἱὸν
1236 1888 1456 1949 Ἀγχίσαο,

361 1963 454 2000 τῶν
486 1953 602 2000 αὖθ’
633 1954 863 2013 ἡγείσθην
894 1955 1159 2014 Ἀσκληπιοῦ
1193 1958 1278 2001 δύο
1310 1961 1478 2008 παῖδες
1509 1960 1561 2014 (Β
1583 1960 1696 2014 731).

303 2065 329 2103 4
362 2060 424 2103 ad
456 2059 753 2104 affectionum
780 2061 1042 2105 doctrinam
1068 2061 1125 2105 cf.
1151 2060 1382 2117 imprimis
1416 2061 1587 2104 schol.B
1615 2076 1660 2117 p.
1687 2065 1788 2115 286,
1807 2066 1876 2104 92.

182 2133 292 2176 app.
319 2118 453 2163 Dion.
478 2134 524 2175 p.
544 2123 763 2163 318-28.
796 2119 948 2164 Diom.
968 2119 1050 2164 GL
1074 2120 1095 2163 Ι
1120 2124 1222 2174 498,
1242 2125 1310 2163 29.
1346 2124 1446 2173 500,
1468 2125 1508 2164 5.
1542 2121 1657 2164 Mar.
1676 2121 1797 2165 vict.
1816 2120 1879 2165 VI

182 2183 256 2233 67,
276 2182 344 2222 13.
405 2178 564 2222 Choer.
591 2183 692 2232 226,
712 2184 751 2222 6.
812 2180 899 2223 An.
925 2179 1082 2223 Ambr.
1108 2179 1200 2222 AV
1224 2183 1473 2223 213—215.
1534 2179 1622 2222 AV
1652 2184 1750 2223 174.
1779 2185 1876 2224 190.

183 2237 419 2293 permulta
443 2237 602 2281 insunt
626 2238 675 2280 in
701 2239 844 2282 schol.
863 2238 1148 2291 Homericis3
1174 2238 1315 2282 schol.
1335 2239 1395 2282 ad
1412 2242 1460 2281 X
1468 2243 1552 2282 379
1572 2239 1876 2296 (Aristonic.);

180 2299 427 2353 prae-terea
458 2296 514 2340 cf.
542 2297 800 2341 Rauscher:
836 2298 893 2341 de
927 2298 1020 2341 sch.
1037 2298 1172 2342 Hom.
1199 2298 1257 2341 ad
1283 2311 1382 2342 rem
1406 2300 1539 2342 metr.
1565 2298 1733 2354 pertin.
1756 2298 1877 2344 Diss.

182 2355 347 2413 philol.
378 2357 621 2414 Argentor.
651 2356 713 2399 XI
743 2372 789 2413 p.
818 2362 1064 2401 102—106.
1129 2356 1432 2400 Grossmann:
1474 2358 1531 2401 de
1566 2358 1711 2401 doctr.
1743 2360 1876 2403 metr.

180 2414 394 2470 reliquiis
427 2415 486 2459 ab
519 2415 768 2460 Eustathio
802 2416 1009 2460 servatis.
1060 2416 1115 2460 D.
1142 2416 1171 2460 i.
1196 2416 1441 2474 Argentor.
1471 2419 1582 2459 1887
1615 2432 1660 2473 p.
1687 2421 1875 2462 36—-46,

183 2474 232 2517 L.
252 2474 407 2519 Voltz:
441 2475 500 2518 de
531 2474 668 2518 Helia
701 2475 944 2529 Monacho‚
976 2475 1135 2519 isaaco
1167 2475 1412 2529 Monaoho,
1444 2475 1876 2521 Pseudo-Dracone.

182 2533 303 2577 Diss.
330 2534 408 2590 ph.
427 2535 536 2590 Arg.
555 2533 618 2577 XI
642 2549 685 2590 p.
707 2539 863 2578 1-52.
912 2534 1037 2579 idem
1069 2535 1119 2578 in
1144 2533 1450 2578 Commentat.
1484 2535 1533 2577 in
1565 2535 1724 2579 honor.
1752 2535 1873 2580 Guil.

181 2592 476 2695 {tludemund
500 2594 760 2650 (Argentor.
783 2596 913 2650 1889)
937 2609 981 2650 p.
1008 2598 1180 2637 77—89
1212 2597 1227 2650 ΙΙ
1262 2599 1313 2636 12
1347 2594 1583 2649 ἀκέφαλος
1614 2594 1728 2639 Mar.
1756 2595 1875 2639 Plob.

268 2657 449 2708 452,20

303 2745 357 2783 16
391 2741 518 2797 apud
549 2740 801 2785 Homerum
835 2742 906 2784 est
936 2746 1071 2797 μ423
1112 2739 1324 2791 ἐπίτονος
1362 2741 1552 2799 βέβλητο
1584 2742 1694 2801 βοὸς
1725 2739 1874 2799 ρἰοῖο

181 2801 422 2855 τετευχώς;
456 2799 665 2843 clausula
689 2814 846 2844 versus
878 2801 937 2844 ab
963 2799 1071 2844 Ath.
1098 2801 1290 2844 excitati
1316 2801 1548 2844 consentit
1572 2816 1678 2845 cum
1704 2805 1843 2846 Γ375
1861 2803 1876 2862 ΙΙ

184 2861 238 2901 18
270 2858 348 2903 hic
378 2873 535 2903 versus
569 2860 695 2916 apud
719 2859 972 2904 Homerum
1003 2873 1097 2903 non
1129 2862 1282 2903 exstat
1309 2863 1315 2916 1
1344 2858 1484 2915 φίλον
1514 2860 1620 2905 υἱὸν
1644 2861 1872 2914 Meineke‚

180 2916 288 2961 υἱὸν
321 2915 460 2974 φίλον
492 2919 591 2962 cod.
