2090 3158
639 147 736 188 xv.
784 147 929 188 ΠΕΡΙ
959 146 1425 189 ΑΣΤΝΑΡΓΗΤῼΝ.
1807 146 1878 199 53

192 277 296 332 καὶ
359 288 713 350 τροχαϊκοῦ
780 278 1301 351 ἑφθημιμεροῦς,
1372 289 1471 334 τοῦ
1533 281 1880 350 καλουμένου

193 361 580 431 Εὐριπιδείου,
628 354 749 415 οἷόν
796 361 910 415 ε’στι
956 362 1017 414 τὸ
1066 361 1127 415 ἐν
1171 372 1287 426 τοῖς
1326 361 1763 432 ἀναφερομένοις
1802 365 1880 425 εἰς

197 441 505 512 Ἀρχίλοχον
555 441 849 512 Ἰοβάκχοις
888 442 1047 514 (120)

265 527 556 593 Δήμητρος
597 524 766 594 ἁγνῆς
803 524 894 578 καὶ
928 527 1115 594 Κόρης
1153 526 1254 594 τὴν
1285 527 1601 595 πανήγυριν
1634 525 1826 594 σέβων.

302 607 418 674 (17)
434 603 590 659 ’Άλλο
618 607 820 660 τούτου
845 605 1117 660 ἔλαττον
1144 608 1315 676 παρὰ
1345 609 1462 677 τὴν
1492 609 1879 660 τελευταίαν
1926 626 1946 659 5

129 694 157 733 4
190 689 522 755 συλλαβὴν
571 688 632 740 τὸ
688 689 1033 756 καλούμενον
1078 689 1446 757 Εὐριπίδειον
1499 703 1877 758 τεσσαρεσκαι-

188 769 618 838 δεκασύλλαβον,
660 763 782 823 οἷον
819 771 966 839 παρὰ
1004 767 1106 839 μὲν
1145 771 1292 843 αὐτῷ
1319 771 1598 841 Εὐριπίδῃ
1634 770 1717 842 (fr.
1745 769 1878 841 929)

404 850 567 923 Ἑῷος
606 850 758 920 ἡνίχ’
799 853 1028 914 ἱππότας
1068 851 1367 919 ἐξέλαμψεν
1406 852 1598 921 ἀστήρ·

188 932 334 1000 παρὰ
374 929 434 984 δὲ
476 934 808 1005 Καλλιμάχῳ
850 931 1008 1004 (116)

408 1011 592 1066 ἔνεστ’
627 1012 901 1066 Ἀπόλλων
938 1021 1013 1086 τῷ
1045 1021 1207 1087 χορῷ·
1247 1012 1342 1084 τῆς
1383 1015 1553 1084 λύρης
1593 1014 1799 1067 ἀκούω·
1901 1035 1944 1067 10

412 1093 500 1148 καὶ
541 1105 653 1148 τῶν
703 1094 947 1163 Ἐρώτων
986 1094 1266 1165 ᾐσθόμην·
1308 1099 1422 1149 ἔστι
1462 1094 1789 1164 κάφροδίτη.

300 1178 415 1246 (18)
429 1175 586 1230 Ἄλλο
605 1177 986 1247 άσυνάρτητον
1003 1178 1204 1247 ὁμοίως
1220 1179 1356 1231 κατὰ
1372 1178 1472 1246 τὴν
1492 1178 1717 1247 πρώτην
1734 1176 1880 1230 ἄντι-

188 1260 447 1326 πάθειαν,
479 1259 544 1312 ἐκ
570 1268 923 1329 τροχαϊκοῦ
958 1259 1270 1329 διμέτρου
1296 1259 1745 1327 ἀκαταλήπτου
1774 1259 1877 1311 καὶ

58 1345 154 1404 [99]
191 1342 501 1409 ιάμβικοῦ
544 1339 1060 1411 ἑφθημιμεροῦς,
1109 1342 1240 1409 ὅπερ
1282 1341 1378 1394 ἐὰν
1422 1338 1739 1411 παραλλάξῃ
1778 1341 1879 1409 τὴν

186 1426 376 1491 τομήν,
408 1425 618 1491 γίνεται
654 1424 949 1493 τροχαῖκὸν
984 1425 1489 1493 προκαταληκτικόν
1522 1422 1744 1494 (Sapph.
1769 1421 1880 1494 85),
1904 1440 1945 1474 ιε

409 1502 523 1557 ἔστι
562 1525 654 1571 μοι
694 1506 833 1558 καλὰ
871 1506 999 1568 πάϊς
1038 1507 1358 1574 χρυσέοισιν
1397 1504 1727 1574 άνθέμοισιν

409 1585 617 1656 ἐμφερῆ
658 1584 844 1656 ἔχοισα
882 1588 1122 1656 μορφάν,
1165 1587 1367 1654 Κλεηὶς
1406 1587 1673 1655 ἀγαπατά,

409 1666 532 1720 ἀντὶ
564 1676 659 1731 τᾶς
693 1668 796 1737 ἐγὼ
831 1668 964 1722 οὐδὲ
998 1670 1216 1722 Λυδίαν
1251 1677 1434 1720 πᾶσαν
1471 1667 1602 1721 οὐδ’
1626 1667 1867 1737 ἐραννάν

188 1751 303 1818 (19)
337 1750 551 1803 τούτων
591 1750 652 1803 δὲ
691 1751 751 1803 τὸ
793 1751 894 1819 μὲν
934 1751 1197 1820 δεύτερον
1238 1750 1410 1819 δῆλόν
1450 1749 1599 1802 ἐστιν
1639 1749 1744 1802 ἀπὸ
1784 1758 1880 1817 τῆς

185 1839 351 1900 τομῆς
391 1832 474 1884 ὅτι
515 1831 688 1894 οὕτως
727 1833 1007 1900 σύγκειται
1049 1833 1122 1895 ὡς
1152 1834 1489 1901 προείρηται,
1530 1831 1587 1884 ἐκ
1620 1839 1720 1884 τοῦ
1754 1851 1873 1901 τρο-
1901 1849 1945 1881 20
2032 1860 2035 1861 ⁷

186 1921 380 1982 χαϊκοῦ
437 1912 698 1982 διμέτρου
747 1913 1123 1983 ἀκαταλήκτου
1174 1915 1263 1967 καὶ
1314 1921 1414 1966 τοῦ
1464 1912 1880 1982 ἑφθημιμεροῦς

188 1995 472 2062 ἰαμβικοῦ,
519 1995 580 2047 τὸ
629 1995 689 2047 δὲ
737 2005 981 2065 πρῶτον,
1030 1996 1123 2048 διὰ
1168 1996 1228 2048 τὸ
1269 1995 1375 2064 πρὸ
1418 1997 1694 2063 συλλαβῆς
1732 1991 1879 2062 ἔχειν

34 2076 285 2144 [100]r1}v
339 2077 537 2144 τομήν,
601 2074 816 2144 ἐγένετο
880 2079 1406 2146 προκαταληκτικόν,
1470 2076 1527 2129 ἐκ
1581 2083 1879 2145 τροχαϊκοῦ

190 2155 623 2226 ἑφθημιμεροῦς,

411 2242 525 2291 ἔστι
565 2260 656 2306 μοι
697 2240 834 2292 καλὰ
872 2241 1024 2307 πάϊς,
1904 2258 1946 2289 25

309 2375 331 2413 1
351 2396 405 2401 —-
424 2375 477 2413 15
517 2370 643 2414 idem
676 2370 788 2414 ordo
830 2384 903 2427 ap.
936 2371 1051 2414 Mar.
1078 2371 1200 2415 vict.
1227 2371 1291 2414 VI
1318 2375 1414 2426 102,
1434 2375 1503 2414 33.
1563 2374 1661 2424 103,
1690 2375 1755 2413 15.
1786 2373 1839 2413 18
1865 2371 1879 2426 ΙΙ

190 2433 302 2471 7-9
336 2428 461 2473 Caes.
487 2429 616 2473 Bass.
634 2429 699 2473 VI
723 2434 822 2481 265,
844 2435 896 2473 15
922 2433 936 2487 ΙΙ
961 2435 986 2474 8
1018 2431 1166 2475 latine
1191 2430 1330 2475 vertit
1353 2430 1468 2474 Mar.
1486 2429 1689 2473 Vict.·V1
1709 2433 1806 2482 103,
1824 2433 1879 2472 15

308 2552 327 2589 1
375 2547 426 2590 τὸ
466 2548 754 2603 καλούμενον
787 2547 1091 2602 Εὐριπίδειον
1133 2549 1362 2603 Studem.;
1404 2549 1484 2592 sed
1526 2547 1582 2591 cf.
1624 2563 1668 2603 p.
1704 2551 1780 2602 18,
1808 2551 1830 2589 7
1865 2547 1880 2603 ΙΙ

189 2610 214 2649 3
240 2605 477 2664 ἰοβάκχοις
502 2621 590 2650 om.
606 2607 675 2662 1¹,
701 2608 808 2651 add.
824 2608 883 2651 1²
907 2611 920 2664 ΙΙ
946 2613 970 2651 5
990 2608 1118 2662 παρὰ
1136 2608 1280 2662 Kroll,
1305 2607 1425 2651 κατὰ
1444 2607 1576 2650 codd.
1603 2609 1616 2662 ΙΙ
1641 2606 1850 2656 8ἐῶοςΑ
1875 2607 1879 2661 Ι

191 2669 244 2708 10
277 2665 424 2709 ἔνεστι
454 2669 635 2710 πολλῶν
659 2667 694 2709 Ι
718 2669 732 2723 ΙΙ
759 2672 808 2709 11
844 2666 1106 2724 κάφροδίτη
1140 2670 1179 2720 Ι,
1211 2665 1255 2725 χ’
1286 2666 1498 2711 ἀπόλλων
1530 2663 1763 2722 ἀφροδίτη
1796 2667 1839 2708 Α
1865 2666 1881 2721 ΙΙ

190 2729 242 2766 17
277 2723 481 2782 ἐμφέρην
512 2725 667 2782 Bergk
696 2729 701 2782 Ι
730 2726 898 2783 ἔχουσα
929 2727 1116 2783 μορφὴν
1147 2729 1179 2770 Ι
1201 2729 1207 2784 Ι
1236 2727 1404 2783 Κλεηὶς
1435 2725 1627 2778 Ahrens,
1665 2724 1788 2774 κλέϊς
1818 2725 1879 2777 A,

187 2781 307 2835 κλεῒς
327 2785 367 2837 Ι,
401 2783 431 2827 ἁ
464 2782 607 2840 Κληῒς
639 2784 782 2829 Gaisf.
813 2787 818 2841 Ι
847 2786 1064 2843 ἀγαπητὰ
1090 2789 1124 2830 Ι
1139 2788 1153 2842 ΙΙ
1180 2790 1234 2830 18
1266 2784 1401 2829 τᾶσδ’
1423 2787 1457 2829 Ι
1476 2787 1481 2839 Ι
1510 2791 1667 2827 πᾶσαν
1700 2797 1787 2826 om.
1814 2786 1848 2827 I
1870 2784 1873 2839 Ι

188 2840 390 2896 ἐρανναν
421 2844 480 2897 Α,
515 2843 718 2898 ἔρανναν
754 2845 799 2897 Ο,
834 2844 1036 2900 ἐράνναν
1070 2846 1115 2888 Ρ
1165 2848 1178 2901 ΙΙ
1235 2849 1287 2888 19
1322 2846 1428 2901 post
1460 2844 1677 2898 δεύτερον
1712 2842 1816 2886 add.
1851 2844 1883 2886 I

188 2901 365 2957 δηλαδὴ
390 2902 441 2946 τὸ
468 2903 643 2958 ἐμφερῆ
671 2903 839 2960 ἔχουσα
861 2903 1046 2960 μορφὴν
1065 2902 1185 2955 κλεῒς
1202 2902 1422 2960 ἀγαπητά
1437 2904 1452 2961 ΙΙ
1469 2907 1525 2946 20
1544 2901 1688 2952 οὕτως
1701 2903 1760 2955 A,
1779 2902 1832 2945 οὐ
1852 2903 1888 2945 Ι
