2090 3158
818 167 1152 209 PRAEFATIO
1727 163 1835 207 XlH

140 309 430 370 corruptelis
476 307 799 370 intellegitur.
884 306 959 352 Ne
1013 305 1099 352 ille
1154 304 1354 366 quidem
1407 307 1464 352 ut
1516 305 1618 352 fere
1671 304 1729 352 fit
1781 306 1833 351 in

139 383 280 430 libris
312 383 399 444 qui
436 383 490 428 in
522 381 702 429 scholis
734 382 1018 427 tractantur
1049 379 1250 426 carebat
1279 379 1459 442 glossis
1482 379 1563 426 vel
1594 380 1834 439 interpre-

139 458 377 504 tamentis
409 448 490 520 (ut
524 456 669 515 1,14.
711 455 861 514 2,15.
896 454 1045 513 3‚15.
1080 453 1368 514 15,18.2Ο.
1403 453 1555 513 28,1.
1590 446 1833 517 37,121).

145 532 231 591 48,
258 532 341 577 21.
397 531 480 589 71,
509 521 727 594 17.18).
803 527 863 574 In
902 527 1066 574 verbis
1106 529 1348 588 quantum
1393 528 1698 594 mutaverint
1736 527 1834 588 By-

142 605 332 652 zantini
369 618 468 650 non
507 603 654 650 facile
694 604 768 649 est
807 601 1098 660 diiudicatu‚
1143 603 1378 662 quoniam
1412 600 1836 661 Hephaestionem

142 680 309 740 ipsum
331 676 554 724 libellum
579 692 758 738 parum
782 676 1048 739 diligenter
1069 676 1361 737 properanti
1383 675 1574 723 calamo
1600 690 1659 721 ex
1681 676 1836 722 maio·

140 753 276 800 ribus
319 751 460 798 libris
501 751 780 798 scholarum
824 751 878 796 in
916 765 1061 797 usum
1100 748 1394 796 delibavisse
1436 750 1598 810 quivis
1637 742 1834 812 videtff)

142 826 416 887 Archetypi
460 827 539 872 sui
582 826 853 888 imaginem
892 825 1119 871 accurate
1159 825 1377 871 servavit
1417 822 1568 870 codex
1606 821 1676 883 A,
1726 838 1837 869 cum

141 902 339 962 praeter
376 916 423 961 p.
451 901 536 959 53,
556 902 621 947 11
658 892 725 965 (χ’
754 891 1004 964 ἀπόλλων)
1037 899 1123 945 vix
1162 899 1240 958 sit,
1275 897 1407 958 quod
1438 897 1642 944 consilio
1675 899 1834 944 muta-

144 975 286 1022 verit.

255 1040 678 1095 ScholiorumA
738 1047 959 1094 recensio
1021 1047 1071 1092 et
1132 1047 1241 1107 ipsa
1304 1046 1531 1092 consistit
1593 1047 1835 1106 quatenus

143 1121 294 1170 codex
324 1119 374 1168 A
413 1122 575 1168 exstat
611 1122 664 1168 in
702 1121 796 1168 hoc
835 1120 955 1182 solo,
995 1119 1081 1167 sed
1120 1118 1521 1181 quandoquidem
1560 1119 1745 1166 scholia
1786 1118 1837 1165 in

147 1195 188 1243 C
225 1211 284 1242 ex
314 1194 364 1242 A
402 1197 510 1256 ipso
548 1194 745 1242 fluxisse
786 1194 1117 1242 demonstrari
1154 1194 1342 1254 nequit,
1381 1208 1476 1240 non
1518 1193 1664 1240 modo
1705 1193 1836 1240 codi-

144 1285 255 1318 cum
293 1270 408 1329 DI,
448 1285 621 1316 verum
661 1270 812 1316 etiam
851 1267 1034 1316 codicis
1078 1268 1118 1316 0
1155 1267 1343 1315 scholia
1382 1267 1619 1329 exscripsi
1657 1267 1837 1327 omnia,

142 1345 226 1391 vix
264 1343 519 1391 vilissimis
559 1343 852 1391 scholiastae
884 1343 923 1389 Ι
955 1343 1243 1390 commentis
1283 1343 1498 1389 remotis.
1576 1341 1636 1388 In
1674 1344 1836 1402 poste-

142 1419 271 1466 riore
317 1419 459 1479 parte
500 1419 616 1478 quia
663 1417 805 1464 libris
844 1415 1004 1464 ACD
1044 1416 1273 1464 destituti
1312 1430 1500 1476 sumus,
1549 1414 1719 1462 addidi
1758 1430 1835 1462 co-

144 1491 303 1539 dicem
341 1492 414 1539 M.
491 1491 627 1538 Nota
666 1487 732 1537 Af
768 1491 848 1538 vel
891 1487 951 1538 (Ji
999 1488 1275 1553 significavi
1322 1490 1508 1538 scholia
1554 1491 1608 1536 in
1653 1491 1836 1552 margi-

145 1564 290 1612 nibus
343 1564 684 1625 interioribus,
738 1566 858 1613 nota
903 1563 976 1611 A⁹
1013 1565 1094 1611 vel
1144 1563 1211 1612 09
1257 1565 1389 1610 inter
1441 1564 1597 1610 lineas
1653 1564 1836 1624 scripta

146 1654 262 1687 esse.
327 1638 461 1694 Quae
502 1639 690 1687 scholia
721 1638 783 1686 ab
816 1639 1022 1700 antiquo
1055 1654 1256 1699 corpore
1291 1637 1550 1685 abhorrere
1580 1653 1671 1698 pro
1705 1640 1836 1684 certo

146 1713 520 1772 affirmaverim,
566 1713 750 1760 litteris
803 1713 1091 1760 minusculis
1140 1715 1342 1760 exarata
1391 1727 1531 1758 cruce
1577 1712 1836 1774 insignivi3

145 1789 262 1849 quin
311 1788 364 1834 in
410 1786 681 1848 posteriore
727 1787 1042 1848 potissimum
1088 1789 1228 1847 parte
1277 1786 1433 1833 multo
1480 1785 1625 1846 plura
1663 1788 1837 1846 postea

146 1862 428 1924 excogitata
467 1861 590 1923 sint,
628 1861 792 1909 nullus
834 1861 1028 1922 dubito,
1069 1859 1153 1908 sed
1193 1863 1326 1907 certa
1366 1875 1464 1921 qua
1505 1860 1837 1906 discernamus

144 1937 263 1983 nota
303 1950 537 1983 caremus.
614 1935 674 1982 In
714 1934 879 1983 codice
920 1934 1135 1996 quodam
1174 1934 1359 1982 scholia
1399 1935 1451 1980 in
1490 1933 1689 1981 brevius
1734 1949 1837 1980 esse

146 2011 403 2056 contracta
441 2009 519 2056 his
557 2011 750 2057 uncinis
792 2003 813 2075 (
843 2003 866 2076 )
906 2009 1137 2056 indicavi.
1199 2007 1458 2055 Lemmata
1497 2023 1554 2056 ex
1589 2007 1638 2055 A
1677 2007 1839 2067 recepi

146 2084 326 2143 omnia,
366 2099 423 2130 ex
455 2083 491 2129 I
494 2083 562 2129 M
588 2099 646 2130 ea
678 2098 804 2145 quae
843 2085 958 2145 post
989 2082 1037 2129 A
1070 2082 1351 2130 absolutum
1388 2082 1730 2140 inveniuntur3
1763 2097 1836 2128 re-

145 2151 336 2222 liquass)
376 2156 648 2218 repudiavi.
726 2157 984 2204 Interdum
1021 2160 1078 2204 ut
1116 2157 1414 2204 scholiastae
1451 2155 1603 2204 verba
1641 2156 1838 2202 facilius

146 2231 566 2294 intellegeremus,
619 2233 725 2293 ipse
778 2231 948 2278 addidi
996 2231 1233 2278 lemmata
1278 2230 1354 2278 his
1400 2231 1539 2277 uncis
1587 2225 1620 2291 <
1653 2226 1709 2292 >2
1763 2231 1836 2276 in-

147 2305 307 2366 clusa3
362 2305 448 2352 ubi
496 2321 621 2366 quae
675 2306 727 2352 in
780 2303 943 2353 medio
988 2307 1129 2352 textu
1182 2305 1416 2368 leguntur
1460 2303 1611 2351 verba
1657 2303 1838 2351 lemma

148 2393 250 2427 esse
291 2379 471 2440 censui,
511 2379 603 2427 hoc
643 2374 831 2443 signo]
866 2372 1027 2444 (velut
1065 2396 1111 2441 p.
1150 2379 1268 2439 161,
1297 2373 1351 2444 7)
1392 2393 1508 2426 usus
1549 2394 1671 2426 sum.
1730 2377 1835 2424 Lit-

146 2455 278 2500 teras
324 2454 377 2500 in
423 2451 473 2500 A
524 2452 805 2514 deperditas
859 2469 920 2500 ne
974 2453 1055 2501 hic
1111 2452 1309 2515 quidem
1363 2453 1509 2514 plane
1565 2451 1838 2513 designavi,

149 2526 411 2575 dummodo
451 2527 631 2574 lacuna
671 2527 734 2574 ad
774 2527 1052 2591 apographi
1082 2527 1140 2574 K
1164 2526 1315 2575 verba
1355 2526 1578 2587 quadret,
1617 2540 1838 2586 praeser-

147 2601 240 2647 tim
294 2617 405 2648 cum
460 2601 662 2648 cuilibet
715 2602 834 2649 haec
890 2601 1192 2648 desideranti
1233 2602 1327 2647 An.
1361 2600 1476 2647 Var.
1522 2617 1568 2661 p.
1607 2601 1708 2647 119
1730 2615 1835 2660 sqq.

269 2728 309 2782 1)
343 2725 399 2769 cf.
434 2726 606 2769 BAV3
638 2741 682 2782 p.
713 2731 779 2769 12.

267 2787 310 2841 2)
341 2785 394 2827 In
426 2785 701 2842 fragmentis
740 2787 794 2828 ut
831 2798 917 2841 par
956 2787 1028 2829 est
1064 2799 1157 2828 non
1197 2798 1317 2840 quae
1357 2787 1524 2841 poetae
1566 2784 1837 2840 scripserint

150 2844 230 2886 sed
262 2857 381 2898 quae
414 2844 716 2900 Hephaestio,
747 2845 991 2888 restituere
1025 2844 1196 2888 studui.

268 2904 310 2957 3)
343 2903 395 2945 In
429 2905 519 2948 OD
553 2905 662 2946 sunt
691 2916 842 2959 pauca
873 2903 1107 2955 lemmata,
1140 2903 1288 2946 multo
1320 2902 1456 2958 plura
1488 2903 1537 2945 in
1571 2903 1673 2946 KP
1685 2902 1733 2958 Q.
