2090 3158
261 190 331 242 96
955 191 1187 232 ΣΧΟΑΙΑ
1218 191 1257 230 Α

260 327 292 394 ἡ
331 323 432 393 μὲν
470 329 543 395 πῖ]
585 325 707 379 ἀντὶ
745 333 970 394 μακρᾶς,
1011 325 1042 393 ἡ
1081 321 1141 377 δὲ
1181 316 1263 393 βῆ
1283 323 1403 377 ἀντὶ
1443 325 1720 394 βραχείας·
1767 328 1944 378 καίτοι

261 408 562 477 ἀμφότεραι
611 408 688 469 εἰς
736 414 959 476 φωνῆεν
1006 408 1297 474 λήγουσιν,
1350 404 1465 458 ἀλλ’
1507 405 1650 473 ὅμως
1697 407 1799 474 τὴν
1845 402 1945 472 μὲν

260 500 333 565 πῆ
380 497 595 566 μακρὰν
643 496 734 549 διὰ
779 496 878 564 τὴν
925 496 1100 564 φύσιν
1140 492 1501 563 ἐτηρήσαμεν,
1549 496 1650 563 τὴν
1690 491 1750 547 δὲ
1793 485 1867 564 βῂη
1912 494 1945 563 ἡ

260 581 354 647 βιά
393 586 487 647 τῆς
525 580 707 647 χρείας
747 576 866 630 ἀντὶ
907 578 1162 646 βραχείας
1202 579 1452 645 εἰ’ληφεν;
1491 584 1565 613 -’-
1589 574 1701 628 ΛΟ

218 690 236 720 5
374 667 487 735 3,1
548 663 693 728 τινὲς
748 665 957 728 ἀτόπως
1013 666 1184 735 φασὶν
1241 655 1598 732 ἰσοδυναμεῖν
1651 657 1739 735 τῇ
1769 671 1947 736 μακρᾷ

264 749 365 802 δύο
404 709 683 817 βραχείας,
723 746 1055 816 ἀγνοοῦντες
1095 747 1178 800 ὅτι
1219 747 1342 815 οὐχὶ
1382 747 1414 814 ἡ
1453 747 1633 848 μακρα
1672 745 1704 814 ἣ
1744 746 1776 815 ἡ
1815 749 1948 816 βρα-

260 839 379 899 χεῐα
415 837 514 883 τοῦ
557 830 826 927 σωζεσθαι
866 829 932 881 τὰ
970 826 1139 895 μέτρα
1180 832 1362 896 αἴτιοι,
1402 826 1519 880 ἀλλ’
1555 829 1587 896 ἡ
1628 828 1797 899 φυσις
1835 838 1948 882 τῶν

263 910 495 980 μέτρων·
536 911 597 964 τὸ
639 912 742 979 γὰρ

687 1007 894 1069 πολλας
933 1004 993 1058 δ’
1033 1007 1304 1075 ἰφθίμους
1343 1003 1419 1077 (A
1445 1004 1501 1076 3)

195 1103 238 1134 10
264 1091 310 1141 εἰ
350 1091 638 1158 ποιήσαιμι
1421 1130 1424 1132 ,

687 1163 919 1216 πολλάκι
960 1160 1019 1215 δ’
1060 1164 1346 1231 ἰφθίμους,

262 1261 485 1324 σώζεται
523 1261 583 1312 τὸ
622 1260 824 1329 μέτρον
857 1258 949 1313 ἐπ’
981 1258 1308 1329 ἀμφοτέρων
1346 1257 1436 1311 καὶ
1471 1261 1523 1312 οἱ
1554 1258 1722 1322 πόδες
1753 1261 1947 1313 οἰκεῖοι

261 1350 359 1394 τοῦ
401 1340 602 1410 μέτρου
643 1343 803 1394 εἰσίν·
846 1341 959 1393 ἐπεὶ
1001 1342 1046 1393 εἰ
1087 1341 1181 1402 τὰς
1222 1342 1498 1409 συλλαβὰς
1531 1341 1739 1394 οἴονται
1773 1343 1948 1404 αἰτίας

262 1418 428 1491 εἶναι,
474 1425 575 1492 τὴν
619 1423 842 1492 πρώτην
887 1430 988 1475 τοῦ
1036 1424 1202 1484 ἔπους
1248 1426 1477 1491 κίνησον·
1526 1424 1806 1492 συλλαβὴν
1857 1424 1946 1476 καὶ

194 1517 237 1549 15
264 1504 384 1557 ἀντὶ
424 1513 632 1575 μακρᾶς
670 1506 907 1573 ποίησον
946 1504 1049 1556 δύο
1089 1506 1345 1574 βραχείας

549 1670 553 1673 ἡ
688 1599 887 1664 πολέας
928 1590 987 1653 δ’
1027 1602 1314 1672 ἰφθίμους,

261 1698 350 1749 καὶ
383 1697 565 1750 οὐκέτι
597 1695 713 1750 ἔστι
743 1699 804 1750 τὸ
839 1697 1041 1766 μέτρον
1075 1699 1253 1750 καίτοι
1285 1698 1387 1749 δύο
1427 1699 1701 1766 βραχειῶν
1742 1699 1944 1766 οὐσῶν,

260 1777 389 1831 ἀλλ’
427 1778 455 1831 ὁ
494 1781 634 1842 ποὺς
673 1778 972 1848 ἀλλότριος.
1012 1810 1084 1816 —
1134 1779 1205 1831 Τὸ

689 1874 898 1944 Βορέης
936 1874 1026 1928 καὶ
1070 1875 1323 1945 Ζέφυρος
1364 1873 1426 1945 (I
1449 1874 1508 1946 5)

193 1984 238 2015 20
263 1969 668 2039 ἐπισκεψόμεθα
708 1972 878 2024 αὐτοῦ
920 1971 1177 2040 λέγοντός
1217 1969 1431 2040 ἐφεξῆςε
1471 2003 1543 2008 -
1567 1971 1621 2024 Α

373 2060 479 2127 2‚3
527 2059 712 2112 θέσει
758 2059 995 2128 μακραὶ
1043 2063 1366 2128 γίνονται,
1415 2061 1548 2114 ὅταν
1594 2059 1792 2128 μεταξὺ
1842 2062 1944 2114 δύο
1981 2071 2064 2110 100

265 2141 597 2210 φωνηέντων
636 2145 803 2211 πίπτῃ
846 2143 1079 2210 δύναμις
1119 2143 1221 2195 δύο
1265 2143 1602 2212 συμφώνωνε
1643 2174 1716 2179 -
1741 2142 1857 2195 AD
1980 2149 2048 2206 [3]

374 2230 479 2298 2‚3
527 2230 586 2282 τὸ
635 2232 934 2297 γίνονται
981 2230 1102 2284 ἀντὶ
1146 2240 1245 2284 τοῦ
1285 2235 1555 2284 τίθενται·
1609 2235 1797 2300 τίθησι
1838 2232 1941 2302 γάρ

259 2330 343 2373 τις
381 2311 441 2363 τὸ
481 2312 552 2379 μὴ
595 2311 768 2374 οὕτως
808 2313 972 2380 φύσει
1014 2314 1161 2381 ἔχοντ
1202 2344 1274 2350 —-
1298 2311 1524 2384 AD(C)

267 2564 344 2602 181
380 2500 637 2612 ξο28οᾕ01.3
670 2501 764 2558 (lib.
793 2502 849 2557 V)
882 2517 926 2557 p.
956 2507 1024 2554 23,
1046 2508 1098 2545 16
1115 2517 1235 2558 sqq.;
1270 2503 1467 2559 append.
1499 2503 1559 2546 ad
1584 2502 1685 2546 Hel.
1712 2502 1833 2546 Mon.
1863 2503 1943 2546 AV

381 2712 404 2749 2
447 2707 510 2757 εἰς
549 2707 799 2766 <μακρὸν>
833 2708 985 2765 Denig
1035 2711 1039 2765 1
1097 2709 1320 2766 λήγουσαι
1354 2710 1390 2754 O
1419 2709 1560 2767 Egen.
1609 2711 1622 2765 ΙΙ
1669 2714 1696 2752 4
1736 2707 1815 2767 βία
1855 2723 1940 2752 om.

263 2765 416 2820 spatio
449 2767 527 2809 rel.
558 2768 594 2811 Ο
621 2770 634 2823 Η
659 2772 684 2810 9
718 2781 778 2810 an
809 2767 1116 2824 ποιήσαιμενῖ
1149 2771 1191 2812 Α
1217 2771 1230 2824 ΙΙ
1258 2773 1310 2811 17
1337 2746 1489 2813 οὐκέτι
1514 2768 1717 2821 Wilam.‚
1752 2769 1837 2811 οὐκ
1861 2770 1943 2811 4

263 2829 318 2866 20
350 2824 616 2868 huiusmodi
657 2827 907 2882 explicatio
948 2827 997 2869 in
1036 2827 1210 2871 eschol.A
1246 2828 1557 2881 desideratur,
1591 2828 1673 2870 sed
1706 2827 1761 2870 cf.
1792 2828 1896 2870 test.
1941 2874 1943 2880 ¹

262 2889 317 2926 22
343 2884 428 2928 δύο
461 2898 547 2927 om
575 2887 623 2929 D
647 2889 661 2941 ΙΙ
686 2889 739 2928 23
773 2885 1110 2929 τὸ-τίθενται
1135 2901 1221 2929 om.
1249 2887 1298 2930 D
1326 2888 1331 2943 Ι
1359 2901 1442 2942 pro
1467 2889 1565 2930 toto
1600 2886 1774 2930 scholio
1800 2878 1943 2929 habet

264 2942 355 2986 CD
389 2944 448 2985 ad
480 2941 708 3000 γίνονταιε
743 2943 886 3000 ἤγουν
919 2942 1130 2989 τιθενται
