2060 3168
250 157 358 208 320
832 158 1081 199 APPEND.
1114 158 1353 200 DIONYS.

363 292 409 345 7.
463 292 571 344 Καὶ
620 292 752 345 ὅταν
800 292 902 344 δύο
951 292 1206 359 βραχείας
1245 291 1410 359 φύσει
1451 294 1528 354 εἰς
1567 293 1700 361 μίαν
1738 294 1934 361 κοινὴν

251 374 536 442 δεχώμεθα

397 462 516 531 τρέε
557 460 615 514 δ’
654 461 829 530 Ἀΐδης
870 460 1145 530 ἐνέροισιν
1185 459 1332 532 (Hes.
1359 460 1454 514 Th.
1481 459 1628 533 850).

251 559 364 611 ἐπεὶ
419 560 521 628 γὰρ
577 557 822 612 ἐνταῦθα
876 559 1138 627 δίχρονον
1193 558 1295 611 οὐκ
1348 555 1523 627 ἔστιν,
1574 559 1668 611 ἵνα
1718 560 1934 628 μακρὰν

206 659 224 692 5
249 643 578 708 ποιήσωμεν,
620 641 692 701 ὡς
732 639 816 692 ἐπὶ
856 647 956 692 τοῦ

398 735 494 804 ῥέα
531 732 632 803 μὲν
672 737 775 804 γὰρ
816 736 995 805 βριάει
1037 733 1187 806 (Hes,
1217 754 1300 804 op.
1328 734 1401 807 5),

250 832 569 901 ἀρκούμεθα
600 840 664 902 τῇ
696 835 978 902 τελευταίᾳ
1009 840 1104 900 τῆς
1137 830 1327 895 λέξεως
1360 835 1604 902 συλλαβῇ
1635 833 1771 885 κατὰ
1803 846 1934 885 συν-

249 915 577 982 εκφώνησιν.
647 913 686 981 ἡ
727 914 831 983 γὰρ
880 916 1105 982 βραχεῖα
1152 916 1396 981 λήγουσα
1443 915 1519 976 εἰς
1556 912 1721 983 μέρος
1761 915 1932 981 λόγου

249 994 367 1047 ἀντὶ
414 1005 622 1064 μακρᾶς
667 995 1163 1062 παραλαμβάνεται.
1241 993 1340 1047 ἐὰν
1387 991 1447 1047 δὲ
1499 991 1634 1047 ὦσιν
1681 993 1742 1048 ἐν
1787 994 1932 1067 μέσῳ

182 1095 224 1127 10
249 1074 439 1139 λέξεως
479 1077 534 1128 αἱ
573 1077 675 1129 δύο
716 1078 983 1145 βραχεῖαι,
1023 1075 1463 1146 ἀπαραμύθητον
1501 1079 1673 1129 ἔσται·

395 1172 620 1235 πλέονές
657 1192 717 1225 κε
756 1181 1062 1242 μνηστῆρες
1101 1171 1159 1243 (σ
1187 1170 1334 1243 247).

249 1268 430 1321 οὐκέτι
478 1270 580 1338 γὰρ
630 1269 871 1321 δυνατὸν
910 1267 1236 1338 ῒέκκρῖναι,
1285 1270 1411 1321 οὔτε
1449 1278 1560 1322 τῶν
1599 1267 1934 1337 φωνηέντων

247 1350 496 1419 βραχέων
542 1352 744 1418 ὄντων,
800 1350 926 1402 οὔτε
979 1359 1091 1403 τῶν
1135 1350 1401 1416 κειμένων
1447 1348 1531 1403 ἔνι
1577 1353 1932 1420 παραλαβεῖν,

249 1432 315 1485 οὐ
355 1432 457 1500 γὰρ
499 1433 714 1484 τελικόν
753 1430 888 1484 ἐστι·
930 1432 1016 1484 διὸ
1055 1433 1235 1500 χωλὸν
1273 1429 1466 1500 ἔμεινε.
1542 1432 1602 1484 τὸ
1642 1433 1838 1485 τοίνυν

181 1546 221 1578 15
392 1529 618 1596 ἠγίνεον
657 1527 763 1580 ἀνὰ
803 1528 938 1580 ἄστυ
980 1527 1060 1597 (Σ
1079 1525 1213 1599 493)

249 1624 389 1676 οὕτω
447 1626 770 1694 διαιροῦμεν
820 1626 1108 1692 βαίνοντες
1156 1625 1386 1692 ἠγίνον
1442 1623 1582 1676 ἀνά·
1639 1624 1666 1677 ὁ
1721 1633 1933 1694 πρῶτος

246 1706 385 1768 πούς
432 1705 545 1758 ἐστι
594 1707 908 1773 σπονδεῖος,
957 1705 985 1758 ὀ
1031 1706 1092 1758 δὲ
1139 1706 1393 1776 δεύτερος
1433 1706 1701 1768 δάκτυλος
1738 1707 1933 1774 κοινὴν

247 1785 387 1855 ἔχων
425 1789 525 1855 τὴν
571 1788 807 1856 πρώτην.
887 1787 988 1839 οὐκ
1027 1785 1260 1839 ἐδύνατο
1303 1783 1363 1839 δὲ
1409 1786 1437 1839 ὁ
1484 1796 1697 1856 πρῶτος
1737 1788 1933 1840 δάκτυ-

250 1873 341 1930 λος
380 1865 542 1921 εἶναι·
583 1868 664 1921 ἀεὶ
704 1869 807 1938 γὰρ
851 1867 1144 1920 ἐκτείνεται
1183 1869 1243 1920 τὸ
1286 1879 1324 1919 ῑ·

182 1982 224 2013 20
395 1974 506 2016 τῶν
548 1966 658 2017 αἰεί
695 1979 831 2032 σφιν
871 1963 1097 2026 ἕκαστος
1137 1962 1229 2016 ἐπ’
1266 1965 1428 2032 ἤματι
1467 1968 1642 2032 μῆλον
1682 1963 1859 2031 ἀγινεῖ

468 2128 566 2180 τὸν
599 2124 656 2179 δὲ
689 2127 962 2197 πάροιθεν
995 2127 1288 2194 ἀγίνεσκον
1311 2044 1668 2195 (ἕέάῗέἑῖἰδρες
1702 2124 1757 2196 (ρ
1783 2123 1930 2196 294).

242 2221 361 2274 Ἐπὶ
402 2220 461 2275 δὲ
500 2231 600 2275 τοῦ

395 2311 684 2380 ἠρίθμεον,
726 2311 895 2381 ἀρχὸν
936 2309 995 2364 δὲ
1034 2310 1158 2380 μετ’
1198 2309 1591 2380 ἀμφοτέροισιν
1633 2309 1687 2381 (κ
1713 2308 1844 2380 204)

182 2431 223 2463 25
251 2407 316 2459 οὐ
355 2415 623 2476 ποιοῦμεν
665 2410 964 2476 συνίζησιν,
1007 2408 1138 2460 οὐδὲ
1177 2408 1276 2459 τὸν
1313 2417 1533 2476 πρῶτον
1563 2408 1706 2459 πόδα
1739 2414 1930 2458 ποιοῦ-

247 2507 347 2554 μεν
388 2490 699 2556 σπονδεῖον,
741 2490 811 2551 ὡς
849 2488 934 2541 ἐπὶ
967 2497 1065 2541 τοῦ
1106 2489 1398 2556 ἠγίνεον,
1439 2488 1574 2540 ἀλλὰ
1606 2488 1800 2554 κοινὴν
1831 2488 1931 2555 τὴν

366 2679 391 2716 4
424 2676 626 2733 μακρὰν]
660 2676 839 2731 μακρὸν
872 2678 916 2720 P
951 2679 964 2732 ΙΙ
1005 2682 1028 2719 6
1064 2674 1163 2732 ᾇεῖα
1196 2677 1240 2718 P
1282 2677 1296 2731 ΙΙ
1343 2679 1368 2717 8
1401 2673 1450 2731 ἡ]
1485 2672 1525 2715 εἰ
1557 2673 1602 2715 Ρ
1640 2673 1653 2726 ΙΙ
1695 2674 1748 2713 10
1782 2665 1925 2722 ἔσται]

250 2731 342 2775 ἐστι
367 2735 452 2790 ΚΗ
479 2741 531 2777 12
567 2734 720 2779 οὐκέτι
751 2753 788 2791 γ.
820 2737 860 2778 δ.
897 2736 1110 2788 ἐκτεῖναι,
1141 2741 1234 2778 τῶν
1268 2751 1315 2789 φ.
1343 2735 1383 2789 β.
1412 2732 1464 2785 6.,
1499 2730 1602 2774 οὔτε
1635 2730 1739 2772 ἀντὶ
1770 2735 1931 2789 κοινῆς

250 2789 318 2833 ἔνι
348 2807 475 2848 prop.
505 2793 632 2836 stud.
664 2796 668 2849 Ι
698 2793 806 2896 γὰρί]
840 2791 925 2838 οὖν
949 2795 998 2837 Ε
1024 2797 1028 2848 Ι
1058 2794 1181 2851 οὔτε]
1217 2790 1284 2836 ’ὄτι
1310 2793 1417 2836 ΚΕ
1439 2793 1453 2847 Η
1480 2794 1534 2832 14
1564 2788 1616 2832 τὸ
1649 2788 1827 2832 τελικὸν
1852 2790 1897 2831 Ρ
1917 2796 1930 2841 ἐξ

252 2854 302 2891 17
338 2851 448 2910 ἐστι]
481 2851 507 2906 ἢ
542 2855 587 2896 Ρ
615 2856 628 2909 ΙΙ
661 2858 716 2895 20
749 2870 778 2895 α
803 2853 858 2910 εὶ]
895 2853 943 2897 ἐν
975 2852 1025 2910 γέ
1058 2854 1161 2896 KP
1188 2854 1202 2908 ΙΙ
1235 2857 1290 2895 24
1324 2851 1468 2908 ἄρχον
1501 2849 1630 2891 codd.
1658 2849 1750 2903 1125
1783 2846 1928 2904 πόδα]

250 2909 372 2954 πόδα
407 2913 459 2954 οὐ
494 2913 539 2954 Ρ
