2060 3168
231 157 339 209 366
988 161 1166 200 TPIXA

229 298 362 348 χαῖος
392 291 443 334 τὸ
475 291 763 348 καλούμενον
794 291 1043 348 τροχαϊκὸν
1076 290 1262 346 μέτρον·
1297 291 1606 349 πυρριχιακὸν
1638 291 1690 337 δὲ
1720 290 1748 348 ἢ
1776 307 1919 337 σπον-

230 357 420 402 δειακὸν
451 357 618 414 μέτρον
651 358 734 415 οὐχ
767 356 968 414 εὕρηται.

347 424 667 480 Προτέτακται
706 423 863 481 μέντοι
892 431 984 467 τῶν
1017 423 1164 467 ἄλλων
1195 424 1246 467 τὸ
1280 423 1445 480 μέτρον
1475 424 1528 467 τὸ
1562 424 1801 482 ἰαμβικόν,
1834 426 1916 483 οὐχ

230 489 300 534 ὅτι
330 498 423 534 τῶν
453 493 627 535 λοιπῶν
659 492 950 547 τιμιώτερον,
991 487 1095 533 οὐδ’
1127 487 1195 533 ὅτι
1225 489 1476 546 πρότερον,
1515 491 1576 541 ὡς
1608 489 1724 535 ἔνιοί
1757 505 1918 547 φασιν,

184 569 204 601 5
229 555 433 612 εὕρηται,
464 554 566 600 ἀλλ’
596 556 666 601 ὅτι
697 556 886 600 πάντων
917 555 1273 614 ἐλαχιστότερον.
1329 559 1410 601 καὶ
1442 557 1529 615 γὰρ
1556 557 1605 602 ἐκ
1630 557 1917 616 δισυλλάβων

229 623 462 680 σύγκειται
493 625 653 667 ποδῶν
685 623 746 673 ὡς
778 623 854 666 ἐπὶ
881 622 931 666 τὸ
963 623 1082 667 πολὺ
1115 621 1282 678 κυρίως
1312 623 1364 667 τὸ
1391 622 1623 682 ιάμβικόν,
1653 623 1710 668 τὰ
1736 621 1780 667 δ’
1803 624 1916 668 ἄλλα

229 689 277 733 ἐκ
317 689 645 748 τρισυλλάβων,
686 687 789 733 οἷον
821 688 872 732 τό
905 706 952 734 τε
993 690 1271 734 δακτυλικὸν
1303 691 1383 734 καὶ
1413 690 1466 734 τὸ
1498 689 1855 746 ἀναπαιστικόν,
1887 689 1914 747 ἢ

227 757 306 800 καὶ
344 755 719 814 τετρασυλλάβων
760 756 822 806 ὡς
858 755 915 799 τὰ
956 755 1140 800 ἰωνικά·
1190 758 1297 812 περὶ
1337 754 1401 801 ὧν
1432 756 1678 813 προϊόντες
1709 757 1914 814 ἐροῦμεν.

228 823 327 866 ἐπεὶ
360 819 445 867 οὖν
477 823 570 866 ἀπὸ
602 830 694 867 τῶν
727 815 1083 880 ἐλαχιστοτέρων
1115 824 1195 866 καὶ
1227 822 1522 881 βραχυτέρων
1548 823 1659 874 ἔθος
1685 823 1778 867 ἐστὶ
1800 840 1914 880 προ-

160 903 202 934 10
227 886 431 947 βαίνειν,
470 888 551 934 διὰ
581 895 717 933 τοῦτο
749 889 800 933 τὸ
841 889 1060 947 ἰαμβικὸν
1092 888 1259 946 μέτρον
1289 897 1382 934 τῶν
1416 890 1564 934 ἄλλων
1595 890 1914 946 προτέτακται.

227 955 268 999 εἰ
299 954 352 999 δέ
381 972 450 1006 τις
479 955 591 1011 ἡμῖν
623 953 840 1012 ἀποροίη,
875 953 942 999 ὅτι
974 956 1054 999 καὶ
1081 956 1132 1000 τὸ
1157 957 1407 1013 τροχαϊκὸν
1432 956 1534 1001 ἴσον
1560 958 1685 1017 αὐτῷ
1719 958 1812 1001 ἐστι
1836 959 1916 1002 καὶ

226 1022 344 1065 κατὰ
383 1021 465 1072 τὰς
505 1022 733 1080 συλλαβάς
771 1023 868 1079 (καὶ
907 1022 1047 1079 ἄμφω
1095 1022 1182 1079 γὰρ
1224 1023 1493 1081 δισύλλαβα)
1533 1025 1613 1067 καὶ
1653 1024 1771 1068 κατὰ
1809 1025 1917 1076 τοὺς

224 1087 443 1146 χρόνους,
485 1086 553 1132 ὅτι
592 1089 672 1132 καὶ
711 1087 954 1146 ἀμφότερα
993 1088 1236 1147 τρίχρονα,
1280 1090 1495 1147 ἐροῦμεν,
1536 1089 1606 1134 ὅτι
1637 1088 1741 1135 κατ’
1770 1090 1916 1148 ἀρχὰς

225 1155 505 1213 βραχύτερος
544 1153 608 1199 ὢν
647 1155 790 1200 πάλιν
823 1155 846 1200 ὁ
880 1155 1046 1214 ἴαμβος
1076 1163 1157 1200 τοῦ
1187 1155 1409 1214 τροχαίου
1449 1156 1776 1213 προτέτακται,
1821 1158 1914 1202 ἀπὸ

158 1234 200 1266 15
225 1221 276 1266 δὲ
315 1222 482 1266 τούτου
523 1223 603 1266 καὶ
640 1222 693 1266 τὸ
734 1222 952 1280 ἰαμβικὸν
991 1229 1073 1266 τοῦ
1113 1230 1377 1281 τροχαϊκοῦ.
1442 1223 1466 1268 ὁ
1506 1223 1588 1280 μὲν
1628 1224 1715 1280 γὰρ
1749 1223 1916 1282 ἴαμβος

224 1289 316 1332 ἀπὸ
359 1287 579 1347 βραχείας
617 1289 807 1346 ἄρχεται
847 1286 950 1333 οἷον
991 1289 1126 1345 ἔρως,
1171 1290 1194 1334 ὁ
1228 1287 1275 1334 δ’
1305 1291 1398 1335 ἀπὸ
1432 1298 1612 1346 μακρᾶς
1645 1290 1668 1334 ὃ
1700 1299 1916 1348 τροχαῖος
1947 1294 2060 1351 (256]

224 1352 326 1399 οἷον
359 1358 536 1405 δοῦλος.

341 1420 538 1479 Δέχεται
570 1422 620 1466 δὲ
652 1422 703 1465 τὸ
730 1423 948 1480 ἰαμβικὸν
973 1422 1140 1479 μέτρον
1165 1422 1284 1467 κατὰ
1309 1422 1392 1479 μὲν
1417 1423 1499 1480 τὴν
1523 1431 1629 1467 τῶν
1656 1427 1913 1468 παλαιῶν

223 1488 389 1532 ἄδειαν
422 1490 501 1532 καὶ
533 1488 794 1543 συνήθειαν
828 1488 877 1532 ἐν
909 1488 991 1545 μὲν
1015 1497 1118 1539 ταῖς
1147 1498 1383 1545 περιτταῖς
1412 1491 1597 1548 χώραις,
1628 1490 1834 1534 τουτέστι
1855 1497 1911 1549 τῇ

158 1568 199 1599 20
223 1556 379 1614 πρώτῃ
412 1556 491 1598 καὶ
522 1553 651 1614 τρίτῃ
684 1556 764 1599 καὶ
795 1554 978 1614 πέμπτῃ
1010 1556 1116 1606 τοὺς
1147 1555 1284 1600 πέντε
1314 1556 1508 1606 τούτους
1538 1556 1688 1607 πόδας
1711 1579 1782 1600 υ-
1809 1556 1913 1614 ἴαμ-

223 1623 322 1679 βον,
354 1644 474 1665 υυυ
503 1629 703 1680 χορεῖον,
735 1660 760 1664 -
782 1660 807 1665 -
841 1624 1105 1677 σπονδεῖον,
1138 1645 1255 1666 ,υυ
1287 1622 1530 1678 δάκτυλον,
1561 1646 1676 1667 vu-
1708 1623 1911 1668 ἀνάπαι-

223 1703 343 1731 στον.
399 1686 530 1732 ’Ἐστι
570 1688 621 1733 δὲ
670 1688 871 1746 ἴαμβος
918 1688 1023 1744 μέν,
1071 1689 1132 1740 ὡς
1172 1689 1369 1745 ἔφαμεν,
1420 1689 1443 1733 ὁ
1485 1689 1534 1733 ἐκ
1574 1688 1795 1748 βραχείας
1833 1691 1912 1734 καὶ

222 1763 404 1812 μακρᾶς
436 1753 733 1812 συγκείμενος
765 1751 866 1798 οἷον
900 1756 998 1812 ἔχω.
1064 1754 1114 1807 ὃς
1146 1756 1234 1800 εἴτε
1266 1756 1360 1800 ἀπὸ
1385 1753 1572 1814 Ἰάμβης
1601 1757 1743 1812 γραὸς
1767 1756 1912 1807 οὕτως

222 1821 502 1879 ὠνομάσθη,
536 1822 581 1875 ἐξ
616 1817 672 1876 ἧς
702 1823 782 1865 καὶ
812 1822 864 1865 τὸ
897 1821 1063 1878 μέτρον
1096 1821 1351 1878 εὑρεθῆναί
1383 1837 1551 1878 φασιν,
1584 1822 1663 1866 ἅτε
1697 1823 1753 1879 δὴ
1786 1824 1909 1879 πρώ-

157 1900 198 1932 25
221 1905 310 1940 τως
341 1890 463 1948 αύτςῑ
496 1888 786 1946 χρησαμένης
817 1889 1101 1946 αὐτομάτως,
1146 1889 1235 1933 εἴτε
1266 1889 1395 1944 παρὰ
1425 1890 1476 1933 τὸ
1512 1890 1585 1934 ἰὸν
1618 1889 1788 1947 βάζειν,
1821 1889 1910 1933 εἴτε

222 1955 315 1999 ἀπὸ
363 1962 443 1998 τοῦ
480 1954 671 2011 Ἰάμβην
718 1954 823 1999 τινὰ
871 1954 1015 2012 κόρην
1061 1959 1421 2012 λοιδορηθεῖσαν
1460 1956 1607 2015 τούτῳ
1654 1959 1715 2013 τῷ
1761 1955 1910 2015 μέτρῳ

221 2025 476 2065 καταλῦσαι
515 2022 596 2065 τὸν
637 2019 763 2079 βίον,
803 2021 893 2066 εἴτε
933 2021 1243 2078 ἀλλοθενοῦν,
1284 2022 1429 2072 οὕτως
1461 2021 1595 2079 ἐχέτω
1628 2023 1708 2066 καὶ
1740 2022 1910 2079 ὀνομα-

221 2087 384 2140 ζέσθω.
442 2086 494 2132 Ὁ
525 2087 607 2144 μὲν
641 2086 725 2132 οὖν
759 2087 945 2146 ἴαμβος,
981 2087 1091 2144 ὅπερ
1126 2090 1303 2146 ἔλεγον,
1337 2089 1386 2132 ἐκ
1419 2087 1639 2147 βραχείας
1671 2087 1908 2134 συντέθει-

220 2172 296 2198 ται
327 2156 407 2199 καὶ
438 2161 632 2210 μακρᾶς,
666 2154 689 2198 ὁ
723 2154 774 2199 δὲ
806 2163 1031 2213 χορεῖος
1063 2156 1112 2199 ἐκ
1144 2163 1282 2210 τριῶν
1315 2157 1559 2214 βραχειῶν,
1603 2153 1702 2200 οἷον
1734 2155 1909 2214 λάβετε,

155 2233 197 2264 30
223 2220 395 2276 φέρετε.
459 2229 639 2278 χορεῖος
671 2221 722 2266 δὲ
755 2220 1033 2278 ὠνόμασται,
1068 2221 1136 2266 ὅτι
1167 2222 1284 2278 πρὸς
1314 2222 1371 2265 τὰ
1403 2223 1453 2267 ἐν
1484 2229 1582 2272 τοῖς
1612 2229 1769 2280 χοροῖς
1798 2221 1906 2279 μέλη

220 2287 439 2338 πολλάκις
477 2287 891 2345 παραλαμβάνεται
933 2297 1031 2339 τοῖς
1069 2305 1116 2333 τε
1147 2295 1383 2345 τραγικοῖς
1424 2290 1504 2332 καὶ
1534 2295 1630 2340 τοῖς
1661 2289 1904 2347 ἰαμβικοῖς.

226 2356 266 2397 Ο
297 2354 349 2398 δὲ
381 2356 685 2404 σπονδεῖος
721 2354 770 2398 ἐκ
803 2355 887 2398 δύο
921 2363 1111 2411 μακρῶν
1143 2353 1245 2399 οἷον
1278 2353 1409 2410 ἥρως.
1472 2354 1648 2411 λέγεται
1681 2355 1732 2399 δὲ
1763 2354 1907 2405 οὕτως

223 2419 302 2463 διὰ
333 2421 384 2464 τὸ
418 2421 467 2464 ἐν
499 2427 600 2470 ταῖς
639 2419 922 2477 ἱερουργίαις
961 2421 1157 2478 μάλιστα
1195 2423 1274 2464 καὶ
1309 2425 1535 2472 σπονδαῖς
1565 2429 1661 2471 τοῖς
1690 2424 1907 2471 παλαιοῖς

341 2559 366 2594 3
402 2553 573 2596 schol.A
597 2559 694 2608 115,
715 2559 768 2597 18
794 2556 807 2611 ΙΙ
833 2559 946 2598 5-6
972 2553 1276 2612 δισυλλάβους
1295 2554 1517 2604 ...πόδας
1542 2554 1713 2597 schol.B
1734 2554 1830 2610 (lib.
1847 2553 1904 2609 V)

221 2626 265 2666 p.
293 2616 392 2665 282,
414 2617 466 2655 12
506 2614 519 2668 ΙΙ
561 2618 614 2655 18
647 2613 794 2669 Heph.
825 2618 892 2666 15,
914 2618 965 2655 17
1007 2615 1021 2669 Η
1061 2618 1115 2656 25
1150 2613 1417 2670 αὐτομάτως
1448 2612 1709 2670 χρησαμένη
1744 2611 1900 2655 Choer.

222 2674 394 2723 214,11
421 2673 434 2726 ΙΙ
467 2675 522 2714 30
553 2671 610 2715 τὰ
642 2671 807 2728 χορικὰ
839 2671 948 2728 μέλη
982 2671 1141 2716 Choer.
1169 2677 1267 2726 217,
1287 2677 1311 2715 6
1344 2675 1357 2728 ΙΙ
1391 2677 1445 2715 32
1478 2670 1598 2728 ἥρως
1630 2686 1733 2727 app.
1769 2671 1901 2714 Dion.

222 2733 322 2782 307,
343 2734 395 2772 10
420 2732 434 2786 ΙΙ
459 2735 513 2771 33
547 2728 812 2787 ἱερουργίας
836 2730 994 2774 Choer.
1022 2736 1121 2786 213,
1139 2736 1194 2774 20

343 2852 392 2888 11
436 2847 563 2902 ἡμῶν
604 2849 645 2890 L
692 2851 705 2904 ΙΙ
755 2854 807 2891 12
849 2849 927 2892 καὶ
969 2851 1071 2905 (pr.)
1111 2849 1198 2893 del.
1227 2848 1436 2906 Westph.
1486 2851 1499 2905 ΙΙ
1549 2852 1599 2891 18
1641 2847 1711 2905 δὲ]
1755 2847 1810 2903 δὴ
1853 2849 1904 2891 Κ

222 2919 361 2961 supra
393 2905 471 2948 lin.
498 2909 512 2962 ss
538 2912 591 2949 19
624 2914 676 2964 τῇ
711 2921 797 2951 om.
826 2909 871 2951 P
891 2913 903 2962 ΙΙ
929 2911 983 2949 25
1018 2908 1159 2964 αὐτῆς
1190 2909 1235 2951 Ρ
