2090 3158
158 1080 197 1124 10

167 1139 196 1184 ΙΙ.

159 1227 204 1273 Ζ

238 186 344 230 XVI
916 186 1250 228 PRAEFATIO

237 325 499 386 appellavi.
580 325 705 372 Sunt
744 340 913 372 eorum
952 324 1048 372 duo
1092 341 1285 387 genera.
1362 324 1420 370 In
1461 340 1558 372 uno
1600 341 1775 387 genere
1817 321 1923 393 (no-

235 400 309 448 bis
343 399 391 446 Y
393 394 414 465 )
455 398 700 460 capitibus
733 398 805 445 IV
838 401 886 446 et
919 398 964 444 V
995 415 1042 459 p.
1069 400 1174 446 262
1193 413 1263 459 sq.
1298 398 1490 446 omissis
1524 401 1793 460 ceterisque
1823 400 1924 448 foe-

235 474 431 521 dissime
473 474 775 520 detruncatis
790 465 830 537 ¹)
871 473 1052 532 prioris
1091 472 1366 532 particulae
1408 488 1558 534 quam
1595 474 1648 519 111
1688 473 1844 521 010330
1874 474 1929 522 X

234 548 471 594 traditam
523 547 759 594 habemus
814 546 925 606 plus
981 562 1133 607 quam
1180 546 1388 593 dimidia
1441 561 1556 606 pars
1605 546 1922 595 desideratur.

233 621 363 668 Usus
405 624 479 668 est
512 619 820 668 Gaisfordius
861 621 1005 667 huius
1046 622 1240 682 generis
1271 620 1430 667 tribus
1464 620 1712 669 codicibus
1743 621 1923 669 Baroc-

235 696 388 742 cianis
420 694 749 742 bibliothecae
773 694 1074 741 Bodleianae
1098 710 1170 741 nr.
1194 696 1274 741 72.
1304 695 1422 742 115.
1445 695 1546 742 165
1575 710 1610 742 3.
1637 694 1924 742 XV—XVI

234 769 581 830 nonnullisque
628 768 748 816 locis
798 767 990 815 addidit
1007 827 1015 830 „
1034 769 1268 815 lectiones
1317 767 1546 816 editionis
1593 769 1923 830 Florentinae,

236 858 360 903 quae
415 857 472 888 ex
528 842 697 889 eodem
753 842 1020 903 archetypo
1075 841 1230 889 fiuxit.
1315 841 1816 903 Hoerschelmannus,
1869 845 1921 890 in

234 918 371 964 cuius
427 916 641 964 editione
704 918 856 976 nitor,
919 919 976 963 ut
1036 916 1166 963 bona
1229 916 1486 977 archetypi
1539 916 1587 963 Y
1635 917 1922 979 apographa

237 990 389 1052 elegit

347 1059 400 1130 a)
442 1064 659 1111 codicem
697 1063 980 1111 Par-isinum
1021 1065 1180 1124 2756,
1221 1064 1387 1124 chart,
1429 1079 1463 1111 s.
1497 1063 1602 1111 XV.

345 1132 400 1203 b)
442 1137 657 1185 codicem
695 1137 979 1185 Parisinum
1019 1139 1178 1198 2757,
1219 1138 1387 1199 chart,
1428 1153 1463 1185 s.
1497 1137 1628 1186 XVI.

346 1227 392 1273 3.
432 1225 716 1287 Archetypo
751 1227 797 1272 Y
833 1227 984 1273 etiam
1022 1227 1178 1274 multo
1219 1227 1358 1286 peior
1389 1229 1496 1273 erat
1535 1227 1830 1288 archetypus
1863 1227 1918 1273 Z.

234 1298 416 1348 Omissi
448 1303 563 1347 sunt
593 1301 645 1346 in
679 1315 734 1347 eo
765 1300 882 1347 libri
905 1299 942 1347 I.
983 1300 1100 1347 114.
1120 1302 1166 1347 5.
1199 1300 1283 1346 IV.
1316 1299 1566 1347 V12.16.
1590 1303 1653 1348 17
1685 1294 1831 1366 (290,
1852 1304 1914 1348 11

232 1375 428 1433 -292,
456 1369 526 1440 3).
584 1375 669 1433 20,
698 1376 837 1421 1-6
879 1375 910 1420 1.
945 1390 982 1421 e.
1023 1374 1136 1434 plus
1178 1389 1327 1435 quam
1366 1373 1572 1421 dimidia
1610 1389 1725 1435 pars
1764 1376 1918 1422 totius

232 1448 476 1508 opusculi,
526 1463 651 1508 quae
690 1450 879 1495 restant
917 1449 1192 1495 miserrime
1231 1447 1465 1495 mutilata
1504 1449 1734 1510 omnique
1773 1450 1918 1495 vitio-

229 1539 340 1568 rum
362 1521 598 1569 foeditate
620 1521 797 1569 obruta
815 1536 917 1569 esse
941 1523 1048 1569 iure
1074 1522 1193 1569 dicit
1209 1521 1701 1570 Hoerschelmannus.
1732 1522 1919 1570 Tamen

230 1597 486 1656 perpaucis
542 1596 662 1643 10013
718 1612 778 1642 110
833 1596 954 1643 haec
1011 1596 1208 1656 quidem
1256 1596 1426 1643 classis
1480 1595 1785 1659 neglegenda
1831 1599 1918 1655 est,

231 1671 333 1717 sive
376 1669 507 1730 quod
546 1671 607 1716 iis
647 1671 769 1717 locis
810 1670 1108 1731 archetypus
1148 1671 1310 1717 minus
1344 1673 1450 1717 erat
1483 1669 1781 1730 depravatus
1814 1672 1917 1717 sive

232 1743 362 1804 quod
393 1743 625 1790 librarius
661 1743 862 1804 quidam
895 1759 983 1791 suo
1017 1746 1239 1790 acumine
1272 1758 1388 1790 usus
1421 1746 1507 1790 est.
1532 1770 1606 1776 ——-
1628 1743 1917 1791 Hoerschel-

229 1832 437 1864 mannus
478 1816 687 1864 duorum
728 1817 951 1865 codicum
991 1817 1379 1878 discrepantiam
1417 1819 1633 1878 respexit

342 1884 393 1957 a)
436 1891 616 1938 codicis
657 1891 872 1938 Parisini
914 1891 1071 1952 2847,
1112 1891 1279 1951 chart,
1319 1906 1355 1938 3.
1388 1890 1518 1938 XVI.

341 1959 396 2030 b)
438 1964 617 2013 codicis
666 1965 994 2012 Arundeliani
1035 1966 1137 2012 517
1188 1965 1347 2012 Musei
1393 1965 1693 2024 Britannici,
1749 1965 1916 2024 chart,

231 2054 266 2086 3.
298 2038 404 2099 XV,
445 2055 591 2100 quem
629 2039 1019 2086 Norfolciensem
1059 2040 1332 2100 appellavit
1373 2037 1694 2086 Gaisfordius.
1771 2039 1916 2098 Eum,

231 2128 380 2172 supra
418 2114 470 2159 in
511 2113 778 2160 enchiridio
810 2114 980 2160 littera
1011 2113 1071 2159 H
1103 2114 1411 2176 insignitum,
1451 2114 1503 2159 in
1536 2113 1733 2160 scholiis
1766 2113 1916 2160 semel

231 2186 474 2234 adscitum
514 2179 583 2251 (p.
620 2188 748 2247 276,
776 2181 889 2251 18),
938 2189 1134 2251 signavi
1176 2186 1680 2234 Hoerschelmannum
1719 2189 1914 2234 secutus

230 2261 396 2307 littera
435 2260 494 2306 R.
536 2287 607 2292 —

340 2333 489 2381 Libro
546 2336 719 2394 quinto
776 2335 1001 2382 absoluto
1057 2333 1318 2382 subiuncta
1371 2336 1444 2381 est
1497 2335 1550 2380 in
1597 2333 1704 2380 ZY
1749 2327 1825 2398 (in
1872 2333 1919 2380 Y

230 2408 376 2466 paulo
417 2401 636 2474 brevior)
678 2410 926 2455 enarratio
975 2408 1228 2469 strophae,
1279 2408 1617 2468 antistrophae
1658 2407 1912 2468 epodique,

230 2496 378 2540 quam
411 2481 887 2529 Hoerschelmannus
928 2484 981 2528 in
1014 2482 1230 2530 editione
1270 2476 1598 2529 scholiorumB
1638 2498 1684 2541 p.
1720 2482 1787 2528 30
1828 2479 1913 2527 ad-

230 2556 475 2601 notationi
520 2557 740 2602 inseruit.
828 2555 923 2603 Sed
970 2571 1074 2603 eam
1126 2557 1339 2603 alienam
1386 2570 1488 2602 esse
1541 2554 1601 2602 ab
1649 2555 1740 2601 hoc
1784 2555 1911 2601 libro

229 2629 328 2673 iam
369 2629 451 2674 ille
491 2630 568 2675 vir
609 2629 778 2676 doctus
819 2633 950 2676 recte
984 2631 1261 2690 suspicatus
1302 2631 1395 2688 est,
1437 2644 1535 2690 qua
1574 2630 1764 2675 ratione
1796 2627 1911 2674 duc-

230 2703 309 2748 tus
350 2717 459 2747 eam
498 2718 697 2762 prorsus
737 2706 916 2763 respui.

353 2872 393 2925 1>
427 2870 564 2913 Plura
599 2872 733 2914 docet
764 2872 1216 2915 Hoerschelmannus
1249 2872 1377 2914 MRh
1404 2876 1472 2924 36,
1493 2875 1588 2914 275.
