2060 3168
283 180 391 232 384
1037 181 1214 223 TPIXA

276 311 698 371 ’Τπερκατάληκτον
730 304 782 358 δὲ
814 314 878 365 εἰς
910 313 1199 370 δισύλλαβοι),
1243 311 1267 357 ὃ
1298 319 1390 357 τῶν
1423 311 1674 370 εἰρημένων
1708 313 1830 358 ἐπῶν
1863 317 1966 358 συλ-

281 381 445 437 λαβαῖς
479 381 600 436 τρισὶ
637 379 887 432 πλεονάζει.
929 406 983 412 -
1026 379 1120 422 Καὶ
1160 379 1235 423 ἐπὶ
1274 387 1365 424 τῶν
1396 378 1785 435 τετραμέτρων
1818 379 1966 424 ὡσαύ-

280 461 392 502 τως,
448 444 525 490 ἵνα
581 445 639 502 μὴ
687 445 928 502 φαίνωμαι
973 447 1319 502 περιττολογῶν.
1396 445 1517 502 πλὴν
1563 446 1614 490 τὸ
1662 446 1965 502 τετράμετρον

282 512 616 568 καταληκτικὸν
649 513 714 564 εἰς
745 511 974 570 συλλαβὴν
1007 509 1345 567 ἐπισημότατόν
1371 511 1462 556 ἐστι
1493 513 1574 555 καὶ
1593 509 1966 569 Ἀριστοφάνειον

236 590 255 621 5
283 576 576 633 ὀνομάζεται,
621 580 704 635 οὐχ
746 577 814 622 ὅτι
853 586 1032 631 πρῶτος
1070 578 1195 637 αὐτῷ
1229 577 1449 635 ἐχρήσατο
1473 575 1823 636 Ἀριστοφάνης,
1862 577 1963 623 ἀλλ’

282 641 351 686 ’ὅτι
382 642 653 699 κατακόρως
691 645 770 687 καὶ
802 651 1014 701 συνεχῶς.
1069 642 1374 700 Ἀριστόξενος
1404 644 1506 702 γάρ,
1544 641 1641 688 εἶτα
1669 643 1967 703 Ἐπίχαρμος,

282 705 380 752 εἷτα
413 713 656 765 Κρατῖνος,
689 707 787 754 εἶτα
820 711 930 766 μετὰ
961 718 1128 755 τοῦτον
1151 709 1479 767 Ἀριστοφάνης
1510 710 1699 768 εὕρηται
1726 714 1788 770 τῷ
1821 710 1967 771 μέτρῳ

280 776 424 834 τούτῳ
456 777 699 834 χρώμενος.
765 777 858 820 ἔστι
890 776 942 821 δὲ
971 783 1185 822 τοιοῦτον
1218 775 1319 822 οἷον
1350 778 1401 821 τὸ

455 842 623 898 ἐμέθεν
655 842 840 899 μελέων,
873 843 1040 899 ἐμέθεν
1073 842 1269 901 κραδίης
1300 841 1519 889 ἰθύνουσ’
1547 843 1694 900 ὁρμὰν
1727 843 1805 888 ἴνα
1837 848 1966 905 λῷον.

213 991 253 1021 10
395 977 535 1031 Περὶ
567 978 850 1021 Αἰολικοῦ.
919 977 1145 1022 Τοιοῦτόν
1187 978 1329 1031 ἐστιν,
1371 976 1479 1022 ὅσον
1511 971 1623 1028 τέως
1653 977 1773 1022 κατὰ
1802 978 1854 1022 τὸ
1886 993 1959 1022 τε·

277 1042 530 1097 τράμετρον
562 1044 898 1100 καταληκτικὸν
931 1045 997 1094 εἰς
1029 1044 1257 1102 συλλαβὴν
1288 1044 1369 1088 καὶ
1398 1044 1449 1088 τὸ

456 1108 559 1160 νόες
583 1111 670 1167 γὰρ
699 1109 924 1165 ἀδρανέες
948 1110 1091 1167 ἄμμιν
1120 1109 1368 1161 ἀνάλκιδες
1395 1108 1702 1167 ἀπροτίοπτοι
1727 1109 1962 1168 ἀβληχροί.

271 1174 409 1232 “Ημῐν
450 1177 499 1220 δὲ
539 1183 674 1220 τοῦτο
712 1177 764 1220 τὸ
807 1178 916 1227 ἔπος
955 1178 1021 1229 εἰς
1059 1177 1355 1234 παράδειγμα
1389 1176 1597 1222 τέθειται
1628 1184 1710 1221 τοῦ
1742 1178 1962 1221 Αἰολικοῦ
1997 1180 2060 1234 (25

278 1243 638 1287 ἀναπαιστικοῦ·
688 1244 739 1287 τὸ
784 1243 870 1300 γὰρ
910 1243 1131 1288 Αἰολικόν
1171 1245 1231 1294 ὡς
1279 1244 1455 1300 ἔφαμεν
1503 1244 1842 1289 ἀναπαιστικὸν
1881 1244 1964 1289 τὸν

212 1324 253 1355 15
279 1309 514 1367 καταρχὰς
543 1309 670 1354 πόδα
703 1309 871 1368 ἴαμβον
904 1308 1099 1369 δέχεται,
1134 1312 1243 1361 τοὺς
1274 1312 1325 1355 δὲ
1358 1311 1523 1368 ἐφεξῆς
1555 1309 1724 1367 ὁμοίως
1754 1315 1815 1369 τῷ
1849 1311 1964 1356 ἀνα-

275 1380 502 1434 παιστικῷ
543 1375 821 1427 σπονδείους
850 1375 878 1432 ἢ
912 1376 1230 1429 ἀναπαίστους
1269 1377 1543 1434 ἀδιαφόρως
1581 1378 1663 1420 καὶ
1702 1378 1784 1422 τὸν
1815 1379 1964 1422 τελευ-

276 1450 409 1487 ταῖον
450 1445 697 1488 σπονδεῖον
729 1442 756 1500 ἢ
789 1451 1008 1503 τροχαῖον
1049 1443 1130 1487 διὰ
1167 1444 1219 1487 τὸ
1259 1444 1550 1501 ἀδιάφορον,
1592 1442 1666 1488 ὅτε
1699 1444 1792 1488 ἐστὶ
1823 1460 1965 1487 κατα-

277 1510 493 1565 ληκτικὸν
533 1510 598 1562 εἰς
640 1510 928 1568 δισύλλαβον.
993 1509 1150 1554 ’Ἑστιν
1191 1507 1275 1554 οὖν
1313 1511 1365 1555 τὸ
1407 1508 1554 1567 ῥηθὲν
1597 1510 1706 1561 ἔπος
1743 1510 1965 1555 Αἰολικὸν

276 1575 578 1631 τετράμετρον
625 1578 965 1621 ἀναπαιστικὸν
1011 1577 1348 1633 καταληκτικὸν
1389 1578 1455 1629 εἰς
1502 1576 1753 1636 συλλαβήν,
1802 1575 1964 1633 ὅμοιον

210 1658 251 1688 20
274 1646 337 1702 τῷ
359 1640 714 1702 Ἀριστοφανείου
747 1645 1077 1703 ἀναπαιστικςῖ».

394 1778 530 1831 Περὶ
581 1779 964 1833 λογαοιδικοῦ.
1028 1776 1158 1821 ’Έστι
1205 1778 1283 1821 καὶ
1331 1778 1630 1833 λογαοιδικὸν
1671 1777 1732 1827 ὡς
1774 1776 1963 1833 εἴπομεν

277 1843 628 1897 ἀναπαιστικόν,
663 1843 774 1899 ὅπερ
807 1845 1043 1903 καταρχὰς
1069 1845 1153 1901 μὲν
1179 1842 1496 1894 ἀναπαίστους
1518 1843 1743 1900 τέσσαρας
1767 1842 1963 1902 δέχεται,

276 1910 388 1966 μετὰ
420 1911 471 1954 δὲ
503 1911 695 1962 τούτους
728 1910 810 1955 ἕνα
844 1911 1012 1970 ἴαμβον
1043 1912 1123 1955 καὶ
1156 1910 1338 1967 μακρὰν
1365 1910 1606 1968 συλλαβήν,
1639 1911 1700 1961 ὡς
1730 1906 1852 1954 εἶναι
1881 1910 1962 1954 τὸν

275 1979 535 2021 τελευταῖον
573 1978 701 2021 πόδα
748 1980 986 2036 βακχεῖον,
1037 1978 1086 2022 ἐκ
1126 1975 1345 2036 βραχείας
1383 1985 1490 2033 μιᾶς
1529 1978 1609 2020 καὶ
1648 1978 1733 2020 δύο
1774 1984 1963 2033 μακρῶν

211 2057 251 2090 25
280 2045 527 2101 συλλαβῶν.
590 2044 888 2102 παράδειγμα
919 2045 1086 2088 τούτου
1118 2045 1169 2088 τὸ

453 2109 596 2166 μόρον
629 2112 683 2155 οὐ
716 2110 927 2163 νοέοντες
960 2110 1266 2167 ἐφιστάμενον
1299 2110 1544 2166 κατάντην.

275 2179 496 2220 Καλεῖται
535 2179 586 2221 δὲ
625 2185 759 2222 τοῦτο
786 2176 1140 2237 Ἀρχεβούλειον,
1183 2177 1261 2221 ἅτε
1301 2176 1358 2232 δὴ
1391 2183 1472 2220 τοῦ
1511 2174 1720 2234 Θηβαίου
1764 2182 1959 2232 ποιητοῦ

269 2240 560 2301 Ἀρχεβούλου
592 2245 862 2300 κατακόρως
894 2246 1019 2305 αὐτῷ
1042 2243 1344 2301 χρησαμένου.
1412 2242 1492 2286 διὰ
1523 2242 1607 2298 τὴν
1633 2242 1779 2298 αὐτὴν
1805 2240 1959 2286 αἰτίαν

276 2311 356 2352 καὶ
395 2310 733 2369 Καλλιμάχειον
782 2310 1066 2366 ὀνομάζεται.
1136 2309 1254 2353 κατὰ
1298 2308 1521 2354 διποδίαν
1562 2308 1613 2353 δὲ
1653 2309 1959 2365 μετρούμενον

210 2389 251 2420 30
275 2374 514 2431 τρίμετρόν
563 2376 654 2420 ἐστι
700 2377 996 2434 λογαοιδικὸν
1037 2375 1397 2430 ἀναπαιστικόν,
1446 2376 1511 2427 εἰς
1551 2375 1779 2433 συλλαβὴν
1818 2392 1958 2419 κατα-

275 2442 502 2497 ληκτικόν.
567 2441 630 2486 δι’
661 2441 718 2498 ἣν
759 2442 810 2486 δὲ
850 2442 1006 2486 αἰτίαν
1045 2441 1363 2499 λογαοιδικόν,
1405 2442 1582 2498 εἴρηται
1625 2441 1734 2497 ἡμῖν
1775 2441 1824 2485 ἐν
1861 2448 1959 2492 τοῖς

276 2507 484 2552 ὄπισθεν.
520 2535 572 2540 —-
612 2513 769 2552 Ταῦτα
800 2510 906 2564 περὶ
938 2511 1278 2554 ἀναπαιστικοῦ
1312 2509 1391 2552 καὶ
1422 2516 1513 2553 τῶν
1546 2508 1712 2552 τούτου
1745 2508 1895 2552 εἰδῶν.

396 2668 449 2705 10
476 2677 547 2719 ap.
582 2664 731 2720 Heph.
759 2666 898 2708 ἀναπ.
926 2666 1050 2709 Αἰολ.
1085 2679 1175 2708 non
1209 2667 1337 2719 sunt3
1371 2665 1427 2708 cf.
1460 2664 1586 2719 Jung
1617 2678 1660 2719 p.
1690 2667 1743 2706 19
1768 2664 1861 2718 1132
1897 2663 1952 2706 of.

277 2726 467 2774 379,20;
502 2723 557 2765 de
589 2723 677 2766 hoc
708 2739 747 2766 V.
776 2723 974 2768 ὄπισθεν
1007 2739 1093 2766 usu
1127 2725 1182 2767 cf.
1209 2724 1351 2766 Lehrs
1377 2722 1691 2766 Pindarschol.
1718 2737 1762 2778 p.
1783 2726 1851 2764 81.
1872 2727 1952 2764 101

394 2875 417 2910 2
451 2870 725 2935 ‘effi-javo‘l
758 2871 827 2937 1J'2
860 2884 970 2914 corr.
1007 2884 1061 2913 ex
1092 2885 1181 2914 τισι
1213 2874 1239 2943 {L
1259 2877 1283 2914 5
1315 2871 1504 2925 πρώτως
1536 2870 1590 2912 K
1619 2871 1632 2925 ΙΙ
1668 2872 1693 2910 8
1726 2869 1957 2925 χρώμενος

275 2928 418 2971 τούτω
453 2929 537 2983 ΚΗ
566 2935 618 2971 10
652 2929 707 2972 cf.
736 2934 835 2982 3259,
857 2935 909 2973 18
934 2932 947 2986 ΙΙ
975 2935 1026 2972 17
1060 2947 1180 2985 τροχ.
1215 2947 1242 2985 η
1276 2931 1435 2973 σπονδ.
1463 2931 1509 2973 Ρ
