2090 3158
722 184 776 224 V.
810 184 956 224 ΠΕΡΙ
986 183 1303 224 IAMBIKOT.
1790 182 1858 234 15

34 322 132 381 [29]
167 316 433 386 ἐπίληπτά
474 316 588 370 ἐστι
626 318 693 370 τά
730 324 958 370 τοιαῦτα
990 318 1316 385 Σιμωνίδου
1357 315 1414 368 ἐκ
1446 326 1558 369 τῶν
1598 315 1857 385 ἐπιγραμ-

164 399 351 468 μάτων
390 397 549 470 (131)

386 476 419 548 ἧ
444 479 573 550 μέγ’
598 479 940 549 Ἀθηναίοισι
966 482 1117 548 φόως
1138 478 1336 547 γένετ’,
1360 477 1514 547 ἡνίκ’
1549 477 1782 544 Ἀριστο-

519 562 718 629 γείτων
742 558 1048 631 Ἵππαρχον
1086 569 1264 613 κτεῖνε
1303 561 1394 613 καὶ
1425 558 1730 629 Ἁρμόδιος,

163 643 253 696 καὶ
305 643 476 696 πάλιν
529 643 854 712 Νικομάχου
905 649 1006 694 τοῦ
1060 642 1162 709 τὴν
1214 639 1340 710 περὶ
1394 651 1505 693 τῶν
1553 641 1858 711 ζωγράφων
1904 664 1924 697 5

162 723 409 792 ἐλεγείαν
447 726 808 792 πεποιηκότος
847 721 1110 794 (PLGIP
1147 742 1198 792 p.
1223 723 1354 788 316)

388 801 550 868 οὗτος
569 807 637 874 δή
655 820 744 858 σοι
761 804 790 858 ὁ
807 805 1023 867 κλεινὸς
1040 804 1110 857 ἀν
1123 803 1383 857 ’Ἑλλάδα
1406 815 1591 857 πᾶσαν
1603 803 1856 857 Ἀπολλό-

520 887 718 955 δωρος·
758 887 1047 955 γινώσκεις
1078 888 1323 955 τοῦνομα
1354 893 1517 939 τοῦτο
1550 886 1758 938 κλύων·

161 975 332 1021 ταῦτα
348 965 450 1035 μὲν
467 964 572 1022 οὖν
596 967 813 1037 ἐγένετο
839 968 932 1020 διὰ
955 968 1057 1036 τὴν
1079 977 1191 1020 τῶν
1215 966 1503 1034 ὀνομάτων
1520 966 1853 1036 ’ἀνάγκην-

163 1050 230 1102 οὐ
263 1051 367 1119 γὰρ
400 1048 654 1119 ἐνεχώρει
679 1081 769 1117 -,
808 1051 929 1102 ἔνια
962 1049 1023 1102 δὲ
1053 1047 1144 1102 καὶ
1183 1050 1476 1113 παίζουσιν
1515 1049 1568 1102 οἱ
1606 1051 1854 1117 κωμικοί,
1881 1071 1923 1104 10

163 1131 236 1193 ὡς
275 1131 522 1193 Εὔπολις
560 1131 803 1193 Βάπταις
843 1128 962 1202 (73)

384 1211 512 1265 ἀλλ’
551 1210 674 1281 οὐχὶ
714 1213 959 1265 δυνατόν
998 1211 1170 1265 ἐστιν·
1210 1212 1278 1265 οὐ
1318 1213 1422 1281 γὰρ
1464 1211 1601 1264 ἀλλά
1646 1230 1779 1279 προ-

383 1294 664 1363 βούλευμα
703 1294 1031 1360 βαστάζουσι
1070 1302 1166 1362 τῆς
1203 1295 1411 1356 πόλεως
1450 1293 1600 1362 μέγα.

74 1598 127 1637 17
970 1589 1034 1643 V.
1879 1619 1922 1652 15

28 1722 125 1780 [30]
739 1716 904 1786 Περὶ
955 1717 1278 1784 ἰαμβικοῦ.

271 1835 354 1903 (1)
418 1835 489 1887 To
539 1835 797 1903 ἰαμβικὸν
845 1833 1057 1903 δέχεται
1111 1837 1247 1888 κατὰ
1294 1835 1396 1903 μὲν
1442 1836 1538 1897 τὰς
1587 1836 1854 1904 περισσᾶς

160 1915 339 1984 χώρας
394 1914 666 1984 [τουτέστι
719 1917 967 1985 πρώτην,
1022 1917 1243 1985 τρίτην,
1297 1916 1570 1985 πέμπτην]
1634 1916 1851 1985 ἴαμβον,

27 2003 125 2062 [31]
158 1998 479 2066 τρίβραχυν,
517 1995 607 2049 καὶ
648 1998 963 2066 σπονδεῖον,
996 1997 1289 2066 δάκτυλον,
1326 1997 1684 2066 ἀνάπαιστον,
1717 1999 1853 2050 κατὰ

159 2078 220 2131 δὲ
265 2079 360 2141 τὰς
400 2078 624 2148 ἀρτίους
676 2077 949 2147 [τουτέστι
989 2078 1279 2148 δευτέραν,
1326 2079 1614 2148 τετάρτην,
1667 2079 1850 2148 ἕκτην]
1876 2101 1920 2133 20

158 2162 360 2227 ἰάμβον
390 2160 480 2213 καὶ
511 2163 816 2228 τρίβραχυν
847 2161 937 2212 καὶ
973 2160 1337 2214 ἀνάπαιστον·
1377 2169 1578 2213 τοῦτον
1611 2161 1672 2213 δὲ
1703 2162 1850 2230 παρὰ

281 2354 334 2394 15
367 2350 428 2393 ad
461 2349 557 2393 c.V
590 2350 646 2394 cf.
681 2350 851 2394 schol.1³
888 2364 924 2393 c.
954 2355 991 2393 7.
1029 2356 1081 2393 12
1122 2353 1135 2406 ΙΙ
1171 2355 1339 2394 17-21
1376 2351 1517 2394 schol.
1551 2351 1599 2393 in
1631 2351 1847 2404 Hermog.

159 2407 390 2525 315in
416 2413 515 2471 934,
550 2413 665 2452 3-8
698 2412 770 2466 (=
796 2409 858 2452 Io.
894 2409 981 2453 Sic.
1000 2409 1063 2453 VI
1090 2415 1188 2464 164,
1225 2413 1437 2466 11--16>;
1479 2409 1560 2453 GL
1585 2410 1647 2453 VI
1674 2416 1772 2465 56⁶2,
1796 2415 1845 2453 11

282 2643 303 2681 1
338 2638 426 2682 εἰσι
459 2640 506 2682 D
530 2641 544 2692 ΙΙ
570 2643 594 2682 3
628 2635 789 2695 γένεθ’
817 2637 923 2695 ἡνίκ
956 2640 1004 2683 D
1027 2641 1042 2695 ΙΙ
1066 2645 1093 2682 4
1125 2625 1310 2683 κτεῖναιε
1327 2641 1359 2683 Ι
1378 2642 1391 2696 ΙΙ
1420 2644 1470 2682 12
1497 2638 1611 2682 ἀλλὰ
1636 2638 1848 2694 Bentley,

160 2696 268 2740 ἄλλο
302 2698 433 2741 codd.
460 2700 474 2754 ἢ
502 2702 555 2740 16
590 2698 696 2750 περὶ
728 2705 809 2741 τοῦ
843 2697 1061 2757 ἰαμβικοῦ
1093 2699 1165 2753 Η,
1197 2699 1304 2752 περὶ
1326 2706 1407 2742 τοῦ
1439 2699 1656 2756 ἰαμβικοῦ
1682 2695 1847 2754 μέτρου

160 2758 207 2810 Ι,
239 2757 346 2810 περὶ
371 2756 599 2815 ἰαμβικῶν
631 2758 680 2801 D
726 2758 740 2813 ΙΙ
790 2762 841 2800 17
867 2756 1084 2813 περιττὰς
1115 2758 1222 2812 DI,
1255 2758 1439 2813 πρώτας
1463 2760 1507 2802 Α
1546 2760 1560 2814 ΙΙ
1602 2762 1655 2799 18
1687 2754 1847 2813 τρίτην

160 2816 239 2858 καὶ
265 2816 354 2859 DI
360 2834 370 2869 3
403 2815 687 2871 glossemata
719 2816 767 2859 in
802 2821 855 2859 18
889 2818 935 2859 et
968 2821 1023 2859 20
1049 2816 1199 2860 delevi
1224 2817 1312 2871 (Pr.
1341 2819 1413 2871 30)
1438 2819 1452 2871 Η
1479 2821 1532 2859 19
1565 2817 1645 2860 καὶ
1671 2814 1847 2870 Choer.‚

161 2871 189 2928 ἢ
222 2876 290 2927 A,
323 2888 409 2918 om.
445 2876 535 2919 DI
573 2876 582 2933 Ι
627 2877 733 2931 post
776 2874 1006 2919 δάκτυλον
1031 2875 1137 2919 add.
1163 2877 1243 2919 καὶ
1269 2877 1317 2920 D
1371 2879 1384 2930 ΙΙ
1440 2880 1495 2918 20
1519 2875 1742 2930 τετάρτην
1766 2877 1846 2918 καὶ.

163 2933 251 2975 DI
271 2936 284 2988 ΙΙ
310 2938 362 2976 21
398 2932 469 2992 δὲ]
502 2931 553 2977 δὲ
585 2934 667 2978 τὸν
699 2933 991 2978 ἀνάπαιστον
1025 2936 1115 2978 DI
1138 2937 1143 2990 Ι
1171 2934 1300 2989 παρὰ
1332 2934 1414 2990 μὲν
1449 2937 1497 2978 D
1530 2934 1720 2978 Choer.K
