2090 3158
631 163 732 206 VII.
766 164 911 205 ΠΕΡΙ
940 163 1358 206 ΔΑΚΤΤΛΙΚΟΤ.
1776 163 1844 215 21

158 297 470 366 ἀδιάφορον
507 299 787 366 κρητικόν·
828 299 880 350 εἰ
916 294 976 351 δὲ
1007 299 1417 366 καταληκτικόν,
1448 299 1515 350 τὰ
1550 297 1651 351 ἀπ’
1674 299 1847 374 αὐτοῦ

155 378 496 446 μεμειωμένα
548 379 671 446 ἤτοι
717 381 966 448 συλλαβῇ
1020 379 1053 448 ἣ
1104 379 1208 432 δύο
1265 381 1585 446 συλλαβαῐς”
1641 378 1733 432 καὶ
1787 381 1847 433 τὸ

154 458 256 528 μὲν
293 465 535 514 καλεῖται
581 461 976 529 καταληκτικὸν
1024 461 1101 523 εἰς
1148 462 1449 529 συλλαβήν,
1488 461 1549 513 τὸ
1589 458 1649 513 δὲ
1688 481 1848 514 κατα-

154 542 410 611 ληκτικὸν
450 544 526 604 εἰς
566 542 919 610 δισύλλαβον.

264 624 352 691 (2)
384 621 783 692 Ἐπισημότατα
815 622 876 676 δ’
913 621 1067 677 ἐστὶν
1099 622 1159 676 ἐν
1191 623 1339 695 αὐτῷ
1371 626 1433 676 τό
1464 643 1522 676 τε
1555 621 1849 694 ἑξάμετρον
1872 644 1891 676 5

151 705 545 774 καταληκτικὸν
607 707 685 768 εἰς
745 706 1110 773 δισύλλαβον,
1170 705 1232 758 τὸ
1294 706 1641 771 καλούμενον
1700 702 1849 773 ἔπος,

151 781 276 841 οἷον
314 786 392 857 (A
419 784 474 857 1)

377 875 546 936 μῆνιν
585 868 734 920 ἄειδε
773 869 880 921 θεὰ
920 868 1251 936 Πηληϊάδεω
1302 866 1562 936 Ἀχιλῆος,

66 957 121 996 23
156 948 266 1020 (ἐπὶ
307 951 410 1019 γὰρ
450 958 546 1018 τῆς
585 948 814 1018 ἐσχάτης
852 948 1046 1013 λέξεως
1084 957 1180 1018 τῆς
1219 952 1350 1018 λη-ος
1383 951 1555 1001 λείπει
1588 949 1617 1003 ὁ
1651 949 1849 1002 δάκτυ-

21 1035 118 1094 [42]
152 1035 246 1094 λος
299 1038 396 1102 μιᾷ
448 1029 718 1102 συλλαβῇ)
774 1029 864 1084 καὶ
918 1031 979 1083 τὸ
1030 1031 1404 1100 πεντάμετρον
1451 1031 1846 1099 καταληκτικὸν
1871 1051 1913 1084 ιο

153 1115 231 1176 εἰς
271 1114 628 1181 δισύλλαβον,
667 1113 728 1165 τὸ
769 1113 1116 1179 καλούμενον
1154 1115 1430 1179 Σιμίειον,
1471 1105 1594 1164 οἷον

376 1202 531 1263 χαῖρε
570 1192 704 1257 ἄναξ
745 1193 900 1260 ἕταρε
941 1193 1138 1258 ζαθέας
1177 1194 1353 1261 μάκαρ
1393 1194 1558 1261 ἥβας,

152 1274 243 1329 καὶ
297 1277 359 1329 τὸ
413 1276 776 1345 τετράμετρον
829 1276 909 1338 εἰς
963 1276 1302 1343 δισύλλαβον
1348 1277 1764 1344 καταληκτικόν,
1805 1268 1849 1347 ᾧ

151 1366 370 1427 πρῶτος
407 1354 515 1424 μὲν,
548 1355 812 1426 ἐχρήσατο
863 1356 1170 1426 Ἀρχίλοχος
1210 1357 1271 1409 ἐν
1309 1355 1544 1428 ἐπῳδοῖς
1579 1355 1697 1427 (98)

376 1441 719 1508 φαινόμενον
755 1439 926 1491 κακὸν
965 1437 1140 1492 οἴκαδ’
1186 1439 1443 1506 ἄγεσθαι·
1871 1457 1912 1491 15

152 1520 390 1590 ὕστερον
444 1517 503 1572 δὲ
560 1520 648 1572 καὶ
700 1519 1003 1589 Ἀνακρέων
1051 1521 1227 1592 τούτῳ
1275 1527 1350 1592 τῷ
1389 1519 1567 1592 μέτρῳ
1605 1518 1696 1572 καὶ
1745 1519 1846 1572 ὅλα

155 1599 367 1672 ᾅσματα
405 1601 716 1670 συνέθηκεν
756 1600 877 1672 (67)

377 1683 643 1749 ἁδύμελες
682 1685 942 1752 χαρίεσσα
981 1684 1192 1752 χελιδοῖ

153 1762 243 1817 καὶ.
286 1763 405 1835 (68)

373 1854 571 1913 μνᾶται.
612 1847 778 1915 δηῦτε
818 1847 1097 1917 φαλακρὸς
1122 1845 1345 1910 ’Ἄλεξις
1869 1867 1912 1899 30

158 1929 341 1980 Ταῦτα
401 1924 502 1993 μὲν
564 1923 668 1980 οὖν
721 1936 834 1981 τῶν
895 1929 972 1990 εἰς
1034 1929 1376 1995 δισύλλαβον
1437 1932 1845 1996 καταληκτικῶν

148 2009 574 2078 παραδείγματα.

269 2143 294 2181 2
342 2139 555 2196 Excerpt.
604 2140 747 2184 Paris.
798 2141 914 2197 (cod.
955 2140 1057 2184 Par.
1097 2145 1210 2185 2881
1243 2140 1274 2184 f.
1305 2143 1406 2196 141)
1454 2137 1767 2198 μεμειωμένον
1813 2136 1841 2194 ἢ

150 2199 349 2256 συλλαβῇ
382 2200 463 2243 καὶ
494 2201 832 2256 καταληπτικὸν
864 2201 929 2251 εἰς
952 2200 1229 2258 δισύλλαβον
1260 2203 1468 2244 καλεῖται
1499 2198 1526 2255 ἢ
1560 2201 1645 2243 δύο
1680 2200 1840 2242 συλλα-

150 2258 256 2314 βαῖς
286 2258 365 2301 καὶ
397 2260 602 2302 καλεῖται
627 2261 963 2315 καταληκτικὸν
987 2260 1052 2310 εἰς
1079 2260 1307 2318 συλλαβήν
1346 2262 1360 2315 ΙΙ
1398 2265 1450 2303 11
1484 2259 1599 2302 Mar.
1634 2258 1752 2302 Plot.
1779 2258 1842 2301 VI

150 2320 300 2370 511‚7
357 2320 371 2373 Η
442 2323 496 2361 13
544 2318 659 2362 Mar.
709 2318 827 2362 Plot.
852 2318 916 2361 VI
963 2324 1063 2374 514,
1091 2324 1158 2363 17.
1237 2319 1352 2363 Mar.
1384 2319 1506 2363 vict.
1532 2318 1597 2362 VI
1631 2322 1699 2370 73,
1728 2322 1781 2360 13
1830 2319 1844 2373 n

150 2379 208 2418 18
241 2376 355 2419 Mar.
389 2376 508 2422 Plot.
535 2376 599 2420 VI
633 2383 731 2430 514,
759 2383 814 2421 23

267 2506 292 2544 3
319 2501 568 2561 συλλαβήν]
588 2503 814 2547 scribend.
834 2504 1018 2547 videtur
1041 2504 1332 2561 δισύλλαβον,
1359 2503 1415 2547 cf.
1436 2508 1506 2556 23,
1534 2508 1571 2546 1.
1599 2507 1669 2556 24,
1690 2507 1757 2545 18.
1786 2507 1839 2545 19

150 2562 197 2603 et
228 2564 428 2617 excerpt.
464 2561 563 2605 Par.
620 2565 633 2618 ΙΙ
689 2567 715 2605 4
747 2563 1045 2622 δισύλλαβον]
1087 2563 1315 2607 scribend.
1350 2563 1534 2606 videtur
1565 2560 1795 2619 συλλαβήν
1825 2563 1840 2619 Η

150 2624 175 2663 5
209 2619 546 2676 ἐπισημότατον
571 2623 662 2666 DI
682 2624 696 2678 ΙΙ
722 2627 745 2665 7
780 2619 882 2666 οἷον
914 2637 1002 2666 om.
1028 2623 1062 2665 I
1079 2625 1094 2679 Η
1118 2627 1143 2666 9
1169 2622 1273 2666 fort.
1308 2622 1449 2667 ἐπὶ-
1466 2626 1519 2664 10
1552 2622 1750 2679 συλλαβῇ
1784 2635 1840 2665 ex

148 2678 337 2722 scholiis
362 2680 589 2724 insertum
612 2683 626 2737 ΙΙ
651 2685 676 2723 9
709 2680 875 2736 λήξεως
900 2683 1012 2725 ΑΗ
1029 2684 1043 2737 ΙΙ
1070 2687 1123 2724 10
1148 2681 1464 2737 πεντάμετρον
1493 2681 1543 2724 δὲ
1572 2682 1603 2723 Ι
1621 2683 1635 2736 ΙΙ
1662 2685 1712 2723 11
1741 2694 1838 2736 σιμ-

148 2734 297 2791 μίειον
330 2739 462 2783 codd.
494 2742 499 2795 Ι
528 2737 631 2783 οἶον
656 2754 743 2784 om.
773 2742 804 2783 I
822 2743 836 2796 ΙΙ
863 2745 916 2783 12
950 2740 1042 2784 ετά.
1077 2738 1127 2797 ᾇε
1162 2741 1261 2797 (εἰσ)
1287 2743 1353 2794 Α,
1388 2739 1519 2795 ἑτάρε
1545 2740 1652 2794 DI,
1668 2737 1839 2783 ”Εκατε

147 2794 335 2840 Wilam.
361 2801 375 2854 ΙΙ
403 2803 456 2841 13
494 2799 546 2843 τὸ
580 2800 651 2852 Η,
694 2814 781 2843 om.
817 2801 996 2856 ADIu
1022 2805 1076 2843 16
1119 2797 1200 2843 ὅλα
1242 2801 1347 2854 DI,
1388 2798 1503 2842 ἄλλα
1529 2800 1573 2842 A
1597 2801 1611 2855 ΙΙ
1638 2802 1692 2842 18
1725 2798 1839 2842 ἁδύ-

148 2858 277 2909 μελες
307 2858 372 2910 Α,
414 2857 637 2913 ἀδυμελὲς
668 2860 760 2902 DI
787 2861 801 2914 ΙΙ
843 2864 895 2901 19
928 2860 1007 2902 καὶ
1047 2873 1134 2902 om.
1170 2860 1203 2902 I
1229 2862 1244 2917 j}
1276 2864 1331 2902 20
1365 2859 1605 2914 φαλακρὸς
1636 2872 1749 2901 cort.
1784 2870 1839 2900 ex

150 2916 380 2970 φαλακρὶς
404 2917 453 2960 D
477 2920 491 2973 ΙΙ
516 2923 568 2960 21
604 2918 940 2974 καταληπτικὸν
974 2920 1018 2962 Α
