2090 3158
654 174 659 179 ·
746 165 872 207 14-6
903 164 1047 204 ΠΕΡΙ
1077 165 1313 206 ΚοΙΝΗΣ
1772 163 1872 216 101

190 293 260 366 ἦν
304 299 365 351 τὸ
404 301 464 366 ἆ,
514 298 616 351 οὐκ
661 297 903 367 ἠδύνατο
952 294 1012 350 δὲ
1059 305 1248 366 τοῦτο,
1299 297 1594 365 μετέβαλεν
1633 300 1710 361 εἰς
1748 300 1809 352 τὸ
1847 300 1879 351 ἒ

189 380 390 448 βραχύ;
428 410 502 418 —
525 378 637 432 AC

300 461 350 530 4,
379 461 448 514 10
480 460 876 530 (ἐπισημασίας
906 459 1156 530 ἠξίωσε>ε
1193 459 1316 514 ἀντὶ
1348 468 1449 514 τοῦ
1481 459 1876 530 ἐπεσημήνατοε

188 573 261 580 -
286 541 429 595 ΑἰΟθ
1413 587 1451 613 Α,

300 625 351 693 4,
380 624 448 676 14
478 626 793 693 χωλίαμβον
824 625 929 693 γὰρ
963 622 1200 693 ἐποίησε,
1239 631 1339 677 τοῦ
1373 622 1535 677 ἕκτου
1568 624 1738 686 ποδὸς
1770 623 1876 677 άπὸ
1924 645 1945 678 5

187 713 398 775 μακρᾶς
437 704 761 775 ἀρχομένου.
838 706 1186 774 χωλιάμβους
1226 706 1287 758 δὲ
1320 703 1589 769 Ἱππῶναξ
1635 704 1877 773 ἐποίησε·

188 785 279 840 καὶ
321 788 412 839 διὰ
451 795 617 841 τοῦτο
657 781 810 840 εἶπεν

613 868 981 931 Ἱππώνακτος
1019 869 1081 921 τὸ
1121 868 1336 937 με’τρον.

188 947 359 1003 ἔνθεν
397 949 487 1003 καὶ
529 951 596 1003 οὐ
630 955 807 1012 καλῶς
839 949 1263 1019 ἐπιλαμβάνεται
1288 949 1675 1011 Ἱππώνακτος
1716 950 1879 1012 αὐτὸς

190 1032 294 1100 γὰρ
335 1027 495 1094 οὗτος
534 1039 698 1085 τοῦτο
740 1030 1066 1099 ἐπετήδευσε
1105 1032 1165 1084 τὸ
1205 1031 1427 1101 μέτροντ
1466 1063 1540 1068 -
1563 1029 1675 1083 AG
1904 1052 1946 1084 ιο

300 1114 350 1182 4,
371 1112 438 1165 15
478 1116 683 1182 μήποτε
716 1112 854 1166 οὐδέ
882 1111 1032 1165 ἐστιν
1065 1112 1126 1165 ἐν
1156 1112 1302 1183 με’σῳ
1337 1111 1528 1175 λέξεως
1563 1114 1744 1180 κοινή·
1784 1113 1879 1173 τὰς

190 1195 293 1263 γὰρ
335 1196 704 1265 ὃιφθόγγους,
745 1193 808 1256 ἃς
845 1193 1143 1263 παρέθετο,
1184 1194 1290 1247 ἀπὸ
1333 1192 1456 1256 ἑνὸς
1494 1194 1718 1262 ἡμίσεος
1755 1194 1879 1263 χρό-

188 1296 293 1329 νου
331 1274 575 1345 ἔχουσιν,
615 1276 647 1345 ἡ
687 1279 746 1329 &Z
784 1276 874 1328 καὶ
906 1276 939 1344 ἡ
977 1277 1049 1329 δῖ.
1121 1277 1208 1329 διὸ
1242 1273 1331 1328 καὶ
1364 1272 1879 1343 προπαροξύνονται

190 1357 262 1419 ὡς
294 1359 354 1410 τὸ
389 1359 758 1427 ἄνθρωποι,
797 1359 975 1410 καίτοι
1007 1366 1119 1410 τῶν
1151 1358 1318 1425 φύσει
1353 1366 1578 1426 μακρῶν
1610 1354 1880 1424 μηδέποτε

188 1438 782 1509 προπαροξυνομένων,
823 1441 870 1492 εἰ
908 1440 980 1508 μὴ
1021 1438 1267 1502 Ἀττικῶς
1306 1439 1398 1491 διὰ
1436 1438 1498 1490 τὸ
1535 1435 1880 1500 Μενέλεως
1905 1458 1946 1491 15

190 1520 222 1589 ἢ
271 1521 676 1590 Τυνδάρεως·
716 1551 790 1557 -
830 1519 1015 1589 ἀμέλει
1061 1541 1148 1574 τοι
1195 1520 1256 1575 ἐν
1294 1529 1358 1590 τῇ
1400 1521 1589 1590 δοτικῇ
1632 1519 1746 1573 ἐπεὶ
1788 1521 1880 1573 διὰ

189 1609 288 1654 τοῦ
336 1604 372 1655 ὃ
417 1602 827 1671 προσλαμβάνει
874 1603 936 1655 τὸ
986 1603 1335 1672 ἡμιχρόνιον,
1392 1601 1452 1655 ἐν
1501 1608 1576 1674 τῷ
1626 1602 1881 1669 ἀνθρώ-

189 1702 338 1746 ποις
398 1684 743 1751 καταβιβάζει
805 1684 903 1736 τὸν
963 1686 1128 1740 τόνον
1189 1683 1277 1737 καὶ
1342 1685 1445 1753 γὰρ
1508 1682 1882 1753 παροξύτονός

191 1764 354 1818 ἐστιν.
393 1795 467 1802 -——
508 1766 562 1817 αἱ
609 1764 999 1834 προειρημέναι
1046 1768 1240 1819 τοίνυν
1279 1767 1589 1834 δίφθογγοι
1633 1766 1735 1818 οὐκ
1775 1763 1880 1817 εἰσὶ

190 1850 396 1914 κοιναί,
445 1844 562 1899 ἀλλ’
604 1845 725 1898 ἀντὶ
765 1849 1022 1916 βραχείας
1059 1847 1586 1916 παραλαμβάνονται
1624 1846 1731 1899 ὑπὸ
1770 1855 1882 1898 τῶν
1906 1867 1948 1899 20

190 1933 453 1981 παλαιῶν.
533 1928 633 1980 οὐκ
673 1929 879 1995 ἤγαγεν
918 1924 1022 1980 οὖν
1060 1929 1406 1997 παράδειγμα
1437 1927 1781 1996 “Ηφαιστι’ων
1820 1925 1881 1979 ἐν

190 2009 337 2081 με’σῳ
380 2008 569 2073 λέξεως
610 2011 826 2078 μακρὰν
860 2007 1098 2079 ἔχουσαν
1130 2011 1233 2064 δύο
1267 2012 1516 2079 χρόνους.
1578 2010 1639 2061 τὸ
1673 2007 1720 2061 δ’
1755 2005 1875 2061 οἷδ’

192 2090 429 2159 ἀρετὴν
484 2083 624 2152 οἶος
679 2088 825 2142 ἐσσί
869 2089 1066 2161 (Heph.
1101 2092 1150 2161 5,
1180 2091 1234 2163 1)
1281 2092 1371 2144 καὶ
1420 2092 1706 2159 συνίζησιν
1752 2093 1882 2159 ἔχει·

192 2175 304 2225 ἔστι
347 2174 450 2240 γὰρ
493 2165 632 2234 οἷος
672 2170 818 2224 ε’σσί
848 2172 1049 2241 ὁμοίως
1079 2173 1170 2227 καὶ
1202 2174 1263 2226 τὸ
1284 2171 1511 2242 ’Έκτορ
1544 2172 1646 2224 υἱὲ
1683 2172 1881 2240 Πριά-

191 2282 336 2327 μοιο
378 2260 574 2331 (Heph.
602 2259 787 2331 5,12)·
836 2263 1113 2325 ποδίζεται
1160 2263 1262 2330 γὰρ
1305 2261 1479 2323 οὕτως
1505 2252 1734 2327 ’Ἐκτὸρ
1782 2245 1881 2312 υνὶὲ
1907 2279 1949 2311 25

194 2344 385 2412 Πριά;
426 2374 499 2380 —-
527 2342 638 2396 AO

313 2530 366 2568 12
401 2523 560 2568 Choer.
588 2530 659 2579 44,
678 2529 733 2568 22
758 2528 772 2581 ΙΙ
798 2530 853 2568 23
887 2525 942 2569 cf.
979 2526 1120 2569 etiam
1154 2525 1313 2569 Choer.
1342 2529 1412 2579 45,
1433 2529 1603 2568 16-23

311 2685 336 2722 2
371 2680 519 2739 βραχύ
552 2694 639 2725 om.
675 2682 711 2725 C
761 2683 774 2736 ΙΙ
830 2685 855 2722 3
887 2681 993 2725 ἀντὶ
1031 2688 1114 2724 τοῦ
1147 2695 1234 2724 om.
1267 2681 1304 2724 C
1353 2684 1367 2736 ΙΙ
1422 2685 1447 2723 8
1479 2680 1551 2738 τὸ]
1585 2679 1676 2737 εἴγε
1709 2679 1759 2723 τὸ
1793 2681 1839 2724 Α
1869 2679 1884 2738 Η

193 2742 337 2781 9-10
372 2739 770 2795 ἔνθεν-μέτρον
802 2754 889 2783 om.
918 2740 956 2783 C
997 2742 1011 2796 ΙΙ
1060 2746 1111 2783 11
1147 2739 1286 2785 οὐδέν
1322 2741 1358 2785 G
1400 2742 1414 2796 ΙΙ
1463 2744 1515 2782 12
1549 2739 1720 2796 χρόνου
1754 2738 1884 2794 ἴσμεν

158 2798 386 2859 ,ἐχούσας
423 2798 452 2854 ἡ
495 2803 542 2841 οῖι
589 2799 626 2842 G
683 2801 697 2855 ΙΙ
754 2803 806 2842 17
846 2798 894 2842 ἐν
934 2802 996 2856 τῷ
1038 2813 1124 2842 om.
1162 2799 1199 2842 C
1256 2802 1269 2855 ΙΙ
1325 2804 1377 2842 21
1416 2796 1772 2854 παραδείγματα
1806 2798 1842 2842 C
1870 2799 1885 2854 ΙΙ

193 2861 247 2898 23
281 2857 359 2900 καὶ
392 2870 479 2900 om.
509 2858 544 2902 C
577 2861 590 2914 ΙΙ
626 2863 681 2901 24
715 2857 884 2914 ὁμοίως
916 2871 1003 2901 om.
1032 2859 1070 2902 Ο
1104 2861 1110 2915 Ι
1150 2857 1291 2913 ἕκτωρ
1326 2858 1421 2902 AC
1446 2860 1460 2914 ΙΙ
1493 2862 1548 2900 25
1582 2856 1721 2911 ἕκτωρ
1755 2856 1881 2914 AO!

193 2915 327 2971 signa
360 2915 603 2971 qualitatis
638 2917 801 2960 addidi
