2060 3168
698 207 765 247 111
781 217 810 248 1.
827 215 846 247 2
878 206 1024 246 ΠΕΡΙ
1053 204 1268 247 nomm
1721 201 1830 254 215

142 339 174 407 ἢ
231 340 378 407 παρὰ
431 341 492 394 τὸ
543 342 831 409 ἰαμβίζειν,
888 339 917 392 ὅ
965 337 1118 392 ἐστιν
1166 339 1252 391 ἰὸν
1298 340 1481 406 βάζειν
1528 337 1833 408 ιτουτέστιν

143 422 380 489 <λόγους
425 423 658 489 μεστοὺς
704 421 960 490 πικρίας>
998 419 1220 491 λέγειν-Ι·
1268 419 1585 489 λοιδορικὸν
1623 419 1728 488 γὰρ
1768 420 1830 471 τὸ

143 501 346 572 μέτρον
383 502 444 554 τὸ
485 501 543 554 ἐκ
580 503 781 554 τούτου
821 507 919 554 τοῦ
959 501 1132 562 ποδὸς
1171 500 1589 568 συνιστάμενον.

264 591 634 659 Τρισύλλαβοι
690 587 750 643 δὲ
806 590 943 642 οἵδε·
997 590 1360 656 Δάκτυλος,
1414 587 1456 641 δ’
1499 586 1590 640 καὶ
1644 588 1834 660 ἡρῷος.

145 671 240 738 (ἐκ
271 680 480 741 μακρᾶς
504 673 594 724 καὶ
621 673 722 724 δύο
748 673 1039 740 βραχειῶν,
1072 672 1488 739 τετράχρονος·>
1520 668 1610 722 καὶ
1637 670 1834 722 δάκτυ-

147 758 242 816 λος
278 751 380 820 μὲν
419 754 526 806 ἀπὸ
567 764 679 806 τῶν
703 751 923 806 Ἰδαίων
955 754 1279 820 Δακτύλων,
1320 755 1377 805 οἳ
1411 753 1508 804 τὸν
1539 749 1641 818 μὲν
1673 751 1835 821 ἀριθ-

144 836 252 903 μὸν
289 830 431 901 ἦσαν
471 834 624 902 δέκα,
672 834 1013 902 παραστάται
1061 830 1120 885 δὲ
1158 833 1523 902 τυγχάνοντες
1560 841 1656 901 τῆς
1687 831 1835 895 Ῥέας

144 916 233 967 καὶ
289 916 691 984 μουσικώτατοι
745 913 1084 983 ὑπάρχοντες
1140 915 1231 966 διὰ
1282 923 1378 983 τῆς
1422 923 1534 967 τῶν
1580 914 1836 983 ὀργάνων

144 999 387 1066 χρήσεως
433 997 652 1066 ὕμνουν
698 998 797 1049 τὸν
836 998 962 1048 Διά.
1038 996 1128 1047 καὶ
1177 997 1374 1059 ἄλλως·
1422 996 1690 1057 δάκτυλος
1730 995 1834 1048 ἀπὸ

145 1086 240 1145 τῆς
296 1077 356 1130 ἐν
410 1087 528 1140 ταῖς
579 1079 804 1147 χορδαῖς
854 1075 1148 1144 γινομένης
1192 1087 1305 1130 τῶν
1352 1078 1638 1131 δακτύλων
1684 1078 1835 1145 κινή-

146 1174 295 1221 σεως.
373 1159 546 1231 ἡρῷος
586 1156 646 1211 δὲ
696 1161 938 1210 καλεῖται
980 1157 1072 1209 διὰ
1110 1158 1171 1210 τὸ
1211 1159 1350 1228 πρὸς
1386 1159 1452 1211 τὰ
1490 1167 1602 1210 τῶν
1640 1158 1836 1226 ἡρώων

145 1242 278 1308 ἔργα
324 1239 414 1292 καὶ
461 1243 591 1303 τοὺς
636 1248 732 1308 τῆς
779 1242 1132 1306 γενεαλογίας
1169 1239 1382 1308 ὕμνους
1421 1240 1836 1309 προσαρμόζειν,

144 1321 176 1389 ἦ
219 1322 312 1373 διὰ
350 1323 411 1373 τὸ
459 1323 656 1393 πρώτῳ
697 1321 873 1391 τούτῳ
921 1327 1223 1389 κεχρῆσθαι
1262 1323 1392 1383 τοὺς
1429 1321 1658 1389 ποιητὰς
1696 1321 1836 1387 πρὸς

146 1404 247 1471 τὴν
287 1403 531 1472 ἡρωϊκὴν
572 1405 837 1471 ἱστορίαν.

256 1491 674 1554 Άνάπαιστος
714 1490 791 1558 δέ,
832 1491 898 1544 ὃν
937 1492 1026 1543 καὶ
1064 1495 1297 1544 καλοῦσι
1335 1488 1480 1553 τινες
1512 1490 1835 1543 ἀντιδάκτυ-

146 1577 262 1641 λον,
294 1571 371 1643 ιἐκ
398 1574 500 1626 δύο
524 1575 799 1641 βραχειῶν
822 1571 910 1625 καὶ
936 1582 1160 1643 μακρᾶς,
1185 1573 1578 1643 τετράχρονοςΙ.
1627 1571 1833 1640 ἐκλήθη

146 1655 208 1707 δὲ
262 1655 436 1716 οὕτως
491 1655 583 1706 διὰ
635 1655 697 1706 τὸ
746 1653 1131 1722 ἀντικειμένως
1177 1653 1324 1723 ἔχειν
1370 1661 1445 1726 τῷ
1500 1651 1656 1726 ἡρῴῳ
1705 1651 1833 1720 (δύο

145 1737 249 1805 γὰρ
298 1739 407 1805 ἔχει
458 1737 714 1805 βραχείας
759 1735 895 1786 κατὰ
940 1736 1040 1804 τὴν
1087 1735 1261 1806 ἀρχὴν
1307 1744 1402 1804 τῆς
1448 1734 1688 1803 πλήξεως
1734 1742 1834 1787 τοῦ

147 1818 395 1887 ῥυθμοῦ,
446 1818 547 1885 τὴν
586 1814 647 1869 δὲ
685 1818 875 1885 τρίτην
915 1819 1128 1886 μακρὰν
1168 1816 1229 1869 ἐν
1267 1825 1330 1886 τῇ
1371 1815 1550 1886 θέσει)
1590 1815 1680 1868 καὶ
1721 1817 1834 1869 ἄνω

145 1902 331 1952 παιέιν
371 1899 469 1952 ἀεί.

257 1987 718 2056 Άμφίμακρος,
776 1986 804 2039 ὁ
859 1987 949 2038 καὶ
1003 1988 1258 2056 κρητικὸς
1311 1985 1402 2039 καὶ
1456 1987 1755 2049 παιωνικὸς
1806 1987 1835 2040 ὁ

146 2070 335 2137 αὐτός,
391 2067 449 2121 ἐκ
496 2076 704 2136 μακρᾶς
749 2066 839 2120 καὶ
886 2070 1142 2138 βραχείας
1190 2067 1280 2121 καὶ
1334 2076 1567 2137 μακρᾶς,
1621 2068 1835 2138 Ι’πεντά-

267 2265 287 2302 1
324 2259 399 2302 Ar.
427 2258 582 2311 Quint.
610 2263 679 2311 25,
699 2262 767 2301 25.
817 2257 931 2301 Mar.
950 2257 1071 2302 Vicb.
1091 2258 1154 2301 VI
1178 2262 1248 2311 44,
1268 2263 1322 2302 27
1349 2260 1362 2314 ΙΙ
1390 2264 1441 2301 15
1475 2257 1831 2315 ἀντιδάκτυλον]

145 2318 393 2362 Mar.Viet.
412 2322 549 2370 45,19
590 2321 604 2374 ΙΙ
641 2322 814 2360 19—20
840 2316 937 2361 ἄνω
962 2314 1140 2375 παίειν]
1166 2317 1380 2361 Eustath.
1408 2318 1468 2360 ad
1491 2321 1532 2360 Α
1550 2323 1606 2360 40
1631 2332 1676 2373 p.
1696 2322 1832 2372 32,12

267 2486 291 2523 2
324 2483 416 2538 λογ.
451 2498 494 2536 μ.
527 2496 573 2524 π.
609 2479 771 2523 addidi
804 2494 859 2523 ex
891 2479 1032 2523 schol.
1067 2479 1245 2536 Heph.¹³
1273 2496 1317 2536 p.
1345 2484 1459 2533 28‚9
1501 2480 1506 2538 Ι
1544 2479 1649 2523 fort.
1683 2482 1835 2523 λοιδο-

149 2540 336 2596 ρητικὸν
365 2543 370 2596 Ι
399 2547 533 2583 τοῦτο
565 2539 616 2583 τὸ
650 2540 693 2583 U
719 2541 732 2595 ΙΙ
766 2543 790 2582 3
826 2539 875 2583 ἐκ
905 2539 1071 2583 τούτου
1102 2546 1184 2583 τοῦ
1216 2555 1263 2583 π.
1299 2553 1335 2582 σ.
1371 2540 1556 2595 scripsi,
1591 2538 1640 2582 ἐκ
1671 2546 1753 2582 τοῦ
1786 2555 1832 2582 π.

146 2599 311 2642 τούτου
346 2612 382 2642 σ.
419 2600 469 2652 U,
503 2599 551 2643 ἐκ
582 2605 664 2641 τοῦ
697 2615 744 2642 π.
780 2611 816 2641 σ.
850 2604 930 2642 τοῦ
962 2598 1176 2642 τοιούτου
1209 2600 1263 2643 Κ
1288 2601 1302 2655 ΙΙ
1335 2604 1359 2641 5
1395 2597 1838 2655 έκ-τετράχρονος

148 2658 306 2701 addidi
341 2660 355 2714 ΙΙ
387 2663 412 2700 6
446 2659 528 2713 μὲν
562 2657 584 2699 ὀ
619 2658 674 2701 Κ
704 2659 709 2713 Ι
744 2665 834 2700 τῶν
868 2671 955 2701 om.
983 2659 1037 2701 K
1066 2658 1072 2715 Ι
1109 2656 1243 2701 ἰδίων
1276 2658 1407 2701 codd.
1434 2660 1447 2713 ΙΙ
1474 2662 1496 2699 7
1530 2657 1836 2713 τυγχάνοντες

149 2719 196 2760 et
226 2717 307 2761 καὶ
332 2731 418 2760 om.
442 2717 485 2761 U
503 2719 517 2773 ΙΙ
543 2721 567 2759 9
601 2717 680 2759 καὶ
707 2716 850 2765 ἄλλως
874 2730 960 2759 om.
984 2717 1027 2760 U
1049 2718 1054 2771 Ι
1083 2716 1303 2760 δάκτυλοι
1328 2714 1375 2760 δ’
1397 2716 1741 2772 ὠνομάσθησαν
1767 2717 1835 2772 Ul}

151 2781 205 2819 10
238 2775 482 2833 γινομένης
514 2790 600 2819 om.
627 2776 700 2832 ΠΙΙ
728 2781 778 2818 11
815 2778 1019 2819 καλεῖται
1052 2789 1139 2819 om.
1168 2777 1222 2819 K
1245 2779 1249 2832 Ι
1277 2775 1334 2819 τὰ
1360 2778 1407 2818 et
1433 2781 1485 2819 12
1514 2775 1622 2831 ἔργα
1649 2789 1735 2819 om.
1757 2776 1835 2831 ΚΙΙ

152 2840 205 2878 12
239 2834 454 2890 ἁρμόζειν
488 2835 527 2878 U
557 2838 571 2891 ΙΙ
598 2839 651 2877 13
683 2835 755 2892 τὸ]
787 2842 849 2878 τῶ
885 2835 923 2879 U
945 2837 958 2891 ΙΙ
986 2840 1038 2878 15
1073 2834 1124 2879 δὲ
1157 2849 1243 2878 om.
1272 2836 1353 2891 ΚΙ
1382 2836 1479 2892 καὶ]
1512 2851 1618 2877 τινα
1651 2835 1722 2891 ΠΙ
1750 2851 1834 2877 κοι-

149 2897 277 2938 λοῦσι
310 2896 416 2950 post
449 2893 785 2937 ἀντιδάκτυλον
818 2907 924 2949 pon.
952 2894 1006 2936 K
1024 2896 1038 2950 ΙΙ
1064 2899 1117 2937 16
1151 2894 1230 2936 καὶ
1263 2893 1437 2950 ἐκλήθη
1471 2891 1521 2936 δὲ
1556 2894 1599 2937 U
1617 2895 1631 2949 ΙΙ
1659 2898 1711 2936 18
1746 2892 1832 2949 γὰρ

149 2953 242 3011 ἔχει
274 2967 360 2996 om.
391 2954 432 2997 U
452 2954 466 3008 ΙΙ
492 2957 546 2996 20
579 2951 708 2996 παίει
734 2954 818 3008 KH
845 2957 897 2994 21
931 2953 1188 3003 παιωνικὸς
1218 2952 1448 3008 Micyllus,
1484 2953 1669 3002 ἰωνικὸς
1700 2953 1832 2996 codd.

1864 1098 1902 1130 10

1860 1511 1903 1544 15

1860 1920 1903 1951 20
