2090 3158
262 158 331 212 38
460 160 880 202 ΗΦΑΙΣΤΙΩΝΟΣ
911 162 1300 203 ΕΓΧΕΙΡΙΔΙΟΝ
1331 162 1476 203 ΠΕΡΙ
1505 161 1766 203 ΜΕΤΡΩΝ.
1819 179 1822 181 ·

403 292 628 348 Ἑκατὸν
651 295 753 362 μὲν
776 297 915 358 Διὸς
941 297 1068 348 υἱὸν
1099 296 1229 348 τάδε
1258 299 1456 348 Μῶσαι
1487 298 1872 365 κροκόπεπλοι,

262 379 491 444 Σαπφοῖ
531 373 592 429 δὲ
633 374 751 447 (88)
1982 383 2078 442 [72]

481 460 537 510 τί
571 478 637 525 με
680 459 986 520 Πανδιονὶς
1024 459 1246 528 ὤραννα
1285 460 1537 527 χελιδών,

272 537 493 610 Ἀλκαίῳ
534 537 593 592 δὲ
633 540 825 607 πολλά,
867 540 1046 609 ὥσπερ
1086 541 1175 592 καὶ
1215 541 1343 592 τόδε
1383 538 1502 610 (59)

216 640 234 673 5
480 618 572 687 ἔμε
606 623 812 689 δείλαν,
852 619 944 687 ἔμε
975 622 1157 674 πάσαν
1189 622 1503 674 κακοτάτων
1533 621 1873 691 πεδέχοισαν.

370 702 454 770 (3)
495 705 616 755 Τῶν
657 702 717 755 δὲ
757 701 818 755 ἐν
857 709 933 774 τῷ
971 701 1148 775 μέτρω
1180 708 1436 772 μεγεθῶν
1467 704 1527 755 τὸ
1559 703 1660 770 μὲν
1691 702 1960 772 ἐπισημό

259 784 423 835 τατόν
464 782 576 835 ἐστι
615 785 675 836 τὸ
715 785 1080 853 τετράμετρον
1118 786 1529 853 καταληκτικόν,
1571 787 1694 838 οὶόν
1733 783 1847 837 ἐστι
1887 786 1948 837 τὸ

264 866 548 933 Φρυνίχου
588 873 687 917 τοῦ
727 873 991 935 τραγικοῦ
1031 867 1189 918 τουτί
1220 864 1338 936 (14)

478 947 538 999 τό
578 966 639 1015 γε
670 948 780 1015 μὴν
813 945 985 1010 ξείνια
1017 947 1262 1015 δούσαις,
1304 950 1466 1016 λόγος
1502 948 1680 1016 ὥσπερ
1716 946 1947 1015 λέγεται,

193 1049 234 1081 10
480 1027 682 1096 ὀλέσαι,
722 1027 1050 1094 κάποτεμεῖν
1089 1026 1201 1091 ὀξέϊ
1239 1032 1422 1100 χαλκῷ
1462 1029 1724 1098 κεφαλάν,

258 1109 347 1160 καὶ
386 1111 533 1178 παρὰ
577 1111 836 1180 Φρυνίχῳ
877 1116 951 1182 τῷ
985 1116 1206 1180 κωμικῷ
1248 1107 1366 1180 (70)
1981 1119 2035 1159 39

406 1189 438 1242 ἃ
473 1189 521 1243 δ’
553 1190 764 1259 ἀνάγκα
796 1189 913 1244 ’σθ’
946 1192 1188 1260 ἱερεῦσιν
1219 1192 1555 1260 καθαρεύειν
1586 1192 1894 1261 φράσομεν·

257 1279 420 1324 τοῦτο
474 1271 663 1338 μέντοι
718 1273 806 1324 καὶ
861 1273 1258 1340 γαλλιαμβικὸν
1311 1273 1400 1325 καὶ
1455 1274 1779 1343 μῃτρωακὸν
1833 1273 1945 1342 [καὶ

258 1351 666 1420 ἀνακλώμενον]
719 1357 960 1406 καλεῖται
1002 1385 1071 1390 -
1109 1353 1348 1421 ὕστερον
1395 1351 1454 1406 δὲ
1505 1355 1665 1423 <καὶ>
1704 1353 1947 1407 ἀνακλώ-
1983 1360 2080 1419 [73]

191 1456 231 1487 15
255 1454 424 1500 μενον
478 1434 683 1504 ἐκλήθη
728 1466 795 1472 -
838 1436 929 1488 διὰ
983 1436 1043 1487 τὸ
1097 1436 1275 1487 πολλὰ
1327 1438 1458 1498 τοὺς
1515 1434 1819 1504 νεωτέρους
1872 1438 1949 1498 εἰς

256 1517 357 1583 τὴν
409 1516 613 1585 μητέρα
666 1525 777 1568 τῶν
828 1522 980 1569 θεῶν
1030 1517 1238 1586 γράψαι
1288 1517 1464 1588 τούτῳ
1512 1523 1588 1588 τῷ
1635 1516 1812 1588 μέτρῳ
1862 1515 1948 1587 (ἐν

257 1600 339 1658 οἱς
384 1598 472 1649 καὶ
520 1599 586 1650 τὰ
631 1601 761 1660 τοὺς
807 1600 1026 1667 τρίτους
1079 1607 1323 1660 παιῶνας
1376 1596 1572 1666 ἔχοντα
1617 1598 1705 1650 καὶ
1752 1601 1947 1664 παλιμ-

256 1679 512 1746 βάκχειον
536 1679 744 1741 καὶτὰς
775 1680 1064 1748 τροχαῐκάς
1104 1679 1424 1748 ἀδιαφόρως
1455 1679 1946 1747 παραλαμβάνουσι

255 1760 392 1828 πρὸς
430 1762 494 1812 τά
533 1758 802 1832 καθαρά),
851 1761 923 1822 ὡς
968 1761 1057 1812 καὶ
1097 1761 1163 1812 τὰ
1201 1761 1600 1828 πολυθρύλητα
1638 1768 1809 1813 ταῦτα
1848 1779 1949 1813 πα-

191 1863 232 1894 20
258 1842 589 1909 ραδείγματα
629 1843 791 1910 δηλοῖ
828 1840 914 1912 (fr.
941 1842 1040 1910 lyr.
1066 1842 1145 1893 ad.
1177 1840 1307 1911 121)

378 2013 430 2051 14
462 2009 523 2052 Io.
551 2009 700 2052 TzetZ.
727 2008 815 2052 AO
841 2009 904 2051 HI
928 2013 1028 2061 314,
1056 2014 1123 2053 10.
1181 2008 1332 2053 Trich.
1361 2014 1460 2064 297,
1490 2013 1555 2053 18.
1613 2009 1725 2052 Mar.
1746 2008 1866 2052 Vict.
1886 2007 1948 2052 VI

259 2072 327 2122 95,
353 2072 422 2110 25.
459 2073 556 2121 154,
586 2073 652 2111 18.
710 2068 809 2112 Ter.
844 2068 1070 2112 Maur.VI
1095 2073 1181 2112 410
1215 2084 1253 2110 v.
1282 2072 1396 2112 2885

379 2221 399 2258 1
447 2215 610 2259 ἑκατὸν
647 2217 711 2269 A,
758 2215 923 2259 ἑκατὸν
961 2219 1007 2272 Ι,
1053 2215 1217 2260 ἕκατον
1250 2216 1400 2260 Ursin.
1457 2218 1471 2273 ΙΙ
1525 2221 1550 2259 3
1592 2215 1752 2271 ὠράνα
1796 2215 1944 2270 codd,

258 2287 368 2317 corr.
395 2275 450 2317 Is.
471 2275 599 2318 Voss.
638 2277 651 2331 ΙΙ
688 2280 712 2317 5
746 2282 903 2318 πᾶσαν
935 2277 1084 2331 codd„
1116 2283 1274 2319 πασᾶν
1306 2276 1444 2319 Turn.
1487 2278 1491 2332 Ι
1530 2273 1636 2320 πεδ’
1675 2275 1862 2333 ἔχοισαν
1897 2276 1943 2327 C,

256 2375 388 2420 παῖδ’
427 2376 473 2434 ἕχ
478 2392 611 2421 οισαν
652 2379 718 2433 A,
765 2377 899 2422 παῖδ’
938 2378 1123 2435 ἕχοισαν
1163 2381 1257 2423 ΙΗ
1307 2382 1322 2436 ΙΙ
1376 2383 1400 2422 9
1448 2379 1621 2430 δούσας
1665 2378 1903 2422 Hermann
1933 2380 1946 2434 ΙΙ

260 2441 313 2478 10
346 2436 623 2492 κάποτεμεῖν
655 2437 875 2492 Dorville,
907 2455 986 2481 και
1019 2437 1211 2494 ποτέμιν
1245 2439 1378 2482 codd
1415 2440 1437 2511 ss,
1472 2444 1520 2481 11
1555 2454 1672 2493 κωμι
1705 2437 1764 2480 ab
1798 2437 1867 2481 A²
1895 2437 1945 2480 in

255 2509 437 2549 rasura3
471 2495 625 2539 fuerat
655 2513 790 2551 τραγι
829 2499 842 2552 ΙΙ
885 2501 937 2539 12
978 2497 1008 2540 ἀ
1041 2495 1086 2540 δ’
1124 2496 1307 2570 ἀνάγκα
1335 2495 1437 2541 ”σθ
1475 2497 1720 2552 Tyrwhibt,
1753 2514 1783 2540 α
1816 2495 1863 2551 (ἁ
1895 2498 1946 2551 I)

257 2551 302 2596 δ’
340 2554 460 2611 ἀνάγ
465 2553 607 2598 κασθ’
646 2555 792 2609 codd„
826 2554 856 2598 ἃ
890 2553 935 2599 δ’
973 2555 1094 2612 άναγ
1099 2554 1147 2600 ν’
1185 2554 1291 2600 ἔσθ’
1325 2555 1491 2599 Nauck
1514 2558 1528 2612 ΙΙ
1555 2560 1608 2598 13
1642 2555 1947 2612 γαλιαμβικὸν

257 2613 389 2655 codd.
420 2616 424 2669 Ι
454 2614 532 2656 καὶ
565 2614 891 2670 ἀνακλώμενον
926 2615 1013 2658 del.
1045 2574 1187 2658 Gyaisf.
1213 2619 1227 2672 ss
1254 2620 1308 2658 14
1341 2616 1418 2658 καὶ
1452 2614 1615 2658 addidi
1639 2617 1652 2670 ΙΙ
1679 2618 1734 2656 14
1763 2613 1815 2657 τὸ
1840 2616 1947 2669 post

257 2670 308 2714 δε
357 2674 402 2716 et
453 2677 505 2715 15
553 2673 827 2731 μητρῳακὸν
875 2675 979 2730 post
1027 2674 1200 2730 ἐκλήθη
1249 2674 1355 2718 add.
1396 2673 1630 2729 Westph.,
1679 2672 1760 2727 qui
1807 2673 1946 2716 verba

261 2736 314 2773 14
347 2730 538 2786 ύστερον
561 2759 614 2764 -
640 2737 694 2775 16
726 2731 872 2791 μέτρῳ
903 2734 957 2775 ut
997 2733 1228 2789 glossema
1268 2733 1459 2776 seclusit
1510 2734 1525 2788 1}
1581 2736 1633 2774 17
1666 2731 1774 2782 τοὺς
1805 2730 1945 2789 <δευ-

255 2788 417 2843 τέρους
442 2789 698 2844 ἐπιτρίτους
721 2791 836 2849 noel>
862 2789 1043 2845 τρίτους
1066 2792 1299 2835 Amaldus
1351 2796 1355 2846 Ι
1405 2792 1484 2835 καὶ
1509 2791 1605 2847 (alt
1609 2788 1678 2848 )]
1663 2789 1690 2845 ὴ
1710 2789 1913 2834 Studem
1932 2792 1946 2847 ΙΙ

261 2853 314 2891 19
343 2847 698 2906 παραδείγματα
733 2851 820 2893 del.
851 2850 1034 2894 Wilam.
1069 2851 1240 2908 (Herm.
1270 2853 1460 2907 14,196)
1491 2852 1506 2906 Π
1538 2854 1594 2892 20
1626 2851 1761 2906 δηλοῖ
1790 2849 1944 2902 Pauw,

258 2909 399 2963 δῆλον
433 2910 490 2964 A,
524 2910 641 2965 δῆλα
675 2911 708 2953 Ι
