2090 3158
856 149 1191 191 PRAEFATIO
1767 147 1872 191 XIX

179 302 270 336 nec
307 289 522 336 multum
560 289 725 336 refert.
790 287 1037 350 Equidem
1078 287 1295 336 codicem
1336 288 1384 336 U
1418 304 1508 350 pro
1547 287 1871 335 fundamento

180 363 381 423 sumpsi.
465 361 535 410 Ut
581 378 708 424 quae
761 363 892 410 ratio
946 361 1223 409 intercedat
1274 363 1406 410 inter
1453 362 1642 410 codices
1690 362 1871 410 clarius

180 436 393 497 eluceat,
439 451 498 484 ea
545 452 671 498 quae
711 453 741 485 a
778 437 835 483 K
869 436 1031 483 aliena
1073 435 1125 482 in
1164 436 1269 484 solo
1311 436 1360 484 U
1393 436 1629 499 leguntur
1665 435 1742 484 his
1782 453 1869 483 un-

180 509 304 559 cinis
349 544 368 575 L
397 544 416 576 J
461 510 654 559 inclusi.
730 510 870 558 Viles
910 509 1089 558 calami
1134 511 1449 572 properantis
1489 525 1676 557 errores
1716 525 1870 571 aeque

180 599 238 632 ac
289 598 367 631 res
421 584 828 647 orthographicas
882 585 1035 631 tacite
1089 585 1424 645 praetermisi3
1444 585 1463 594 '
1478 584 1616 631 0111113
1665 585 1872 632 interest

178 658 414 719 petiverit
451 659 604 705 velim
643 674 699 706 ex
738 657 1179 706 Hoerschelmanni
1219 658 1448 706 editione.

287 730 548 780 Lemmata
584 733 639 780 in
675 733 732 780 K
773 731 837 780 ad
876 731 1138 779 arbitrium
1176 732 1415 792 formata,
1460 733 1514 779 in
1555 732 1603 779 U
1637 733 1747 793 ipso
1788 747 1871 779 en-

180 805 387 854 chiridio
441 807 663 867 inspecto
718 805 903 868 scripta
949 799 1257 872 videntur1)‚
1312 805 1398 854 sed
1442 806 1670 854 meliores
1720 822 1870 867 quam

178 879 318 927 nobis
375 879 712 928 Choerobosco
765 882 818 926 in
874 879 1102 928 manibus
1157 880 1308 928 fuisse
1365 879 1623 927 enchiridii
1678 880 1868 928 codices

178 953 285 1002 iure
321 955 423 1002 iam
462 953 942 1003 Hoerschelmannus
982 955 1199 1018 negavit.

299 1120 391 1165 ΠΙ
444 1121 526 1165 De
567 1120 695 1165 aliis
732 1122 928 1165 textus
967 1121 1356 1165 constituendi
1396 1120 1757 1165 adiumentis.

290 1219 556 1276 Quaeritur
602 1238 722 1267 num
761 1221 882 1282 quid
925 1223 1124 1282 praeter
1163 1221 1352 1269 codices
1393 1222 1869 1281 commentariosque

178 1310 235 1342 ex
276 1293 388 1342 aliis
429 1295 569 1343 libris
611 1295 674 1343 ad
704 1295 1088 1358 Hephaestionis
1129 1295 1280 1343 verba
1317 1294 1654 1356 recuperanda
1691 1294 1867 1341 redun-

176 1368 271 1415 det.
335 1368 531 1417 Primus
571 1369 652 1416 hic
689 1370 825 1417 100113
857 1369 1047 1416 dandus
1088 1371 1163 1417 est
1201 1369 1452 1417 scholiis
1491 1371 1551 1416 in
1582 1369 1869 1430 Dionysii

177 1442 426 1491 Thracis
497 1445 683 1491 artem
758 1444 1138 1507 grammaticam
1207 1444 1498 1505 conscriptis
1564 1436 1867 1508 (Grammat.

177 1514 355 1564 Graeci
383 1511 500 1583 111).
566 1516 722 1579 Saepe
753 1517 832 1564 1111
865 1517 1174 1578 scholiastae,
1212 1519 1270 1564 ut
1302 1533 1358 1563 ex
1397 1518 1696 1565 testimoniis
1730 1532 1759 1563 a
1789 1532 1868 1563 me

177 1589 360 1637 additis
401 1594 623 1652 apparet,
661 1592 823 1653 primo
865 1593 914 1638 et
945 1591 1157 1639 secundo
1197 1593 1461 1653 praecipue
1498 1590 1744 1652 capitibus
1785 1606 1867 1637 en-

176 1663 373 1712 chiridii
403 1666 482 1712 usi
521 1667 650 1726 sunt,
687 1681 734 1727 p.
763 1667 809 1720 9,
830 1666 862 1712 4
896 1681 1068 1712 eorum
1100 1681 1191 1727 ope
1222 1665 1453 1712 lacunam
1482 1667 1584 1712 iam
1617 1681 1646 1712 a
1670 1664 1866 1712 Voltzio

175 1730 405 1803 (Dissert.
446 1739 651 1802 Argent.
692 1738 764 1786 XI
808 1756 855 1801 p.
893 1732 986 1805 16)
1043 1739 1436 1787 animadversam
1492 1754 1690 1787 sanasse
1744 1739 1868 1786 mihi

173 1811 358 1860 videor.
435 1812 538 1860 Nec
575 1829 673 1860 non
714 1813 1087 1860 scholiastae
1127 1813 1518 1876 Hermogenis
1560 1813 1866 1861 enchiridion

175 1887 376 1947 eiusque
427 1887 616 1935 scholia
667 1887 1043 1948 consuluerunt,
1098 1887 1182 1935 sed
1226 1887 1312 1934 ubi
1361 1888 1536 1934 melior
1587 1888 1649 1934 iis
1702 1889 1866 1934 textus

174 1962 371 2022 praesto
424 1961 577 2008 fuerit
623 1961 958 2009 demonstrare
1019 1963 1196 2010 nescio.
1281 1961 1527 2009 Isaacus
1584 1954 1700 2027 (An.
1753 1960 1863 2008 Par.

175 2034 247 2082 ed.
281 2033 482 2082 Cramer
513 2035 538 2081 Ι
567 2052 614 2097 p.
643 2029 857 2101 GOsqq.)
898 2037 955 2083 et
993 2035 1246 2083 Ioannes
1288 2036 1533 2084 Tzetzes
1567 2028 1683 2100 (An.
1711 2033 1863 2083 Oxon.

174 2108 246 2156 ed.
282 2107 482 2156 Cramer
521 2109 598 2156 III
634 2126 682 2171 p.
718 2111 824 2158 304
842 2103 971 2175 sqq.)
1013 2110 1192 2157 fratres
1234 2125 1345 2157 cum
1383 2125 1552 2157 versus
1591 2111 1866 2172 pangerent

172 2182 402 2230 licentius
441 2183 824 2245 Hephaestionis
862 2184 1014 2232 verba
1053 2183 1496 2232 circumscribendo
1547 2185 1867 2232 mutaverunt

175 2271 324 2317 quam
363 2259 420 2304 ut
458 2257 516 2305 de
553 2274 722 2306 eorum
754 2257 1003 2306 codicibus
1035 2259 1159 2306 certi
1190 2258 1466 2319 quidquam
1499 2257 1863 2305 affirmaverim.

173 2329 418 2378 Videntur
465 2347 630 2379 eorum
679 2332 980 2392 exemplaria
1025 2332 1207 2380 nostris
1247 2332 1495 2380 codicibus
1535 2332 1632 2378 DI
1666 2330 1864 2391 similia,

173 2404 382 2452 fortasse
430 2406 579 2467 paulo
627 2405 833 2453 meliora
878 2398 1107 2472 fuisse2)3
1157 2409 1324 2453 utrum
1370 2406 1581 2454 Ioannes
1619 2402 1863 2467 Κελλέρου

172 2476 285 2526 υἱόν
326 2471 444 2544 (AO
477 2479 554 2526 III
588 2481 715 2541 316,
744 2473 837 2545 28)
878 2479 1120 2527 traditum
1169 2481 1416 2527 invenerit
1455 2497 1539 2540 an,
1587 2479 1720 2541 quod
1760 2480 1864 2526 veri

175 2555 248 2599 est
294 2552 527 2614 similius,
575 2553 669 2601 sibi
715 2555 821 2615 ipse
868 2555 1032 2602 nescio
1073 2569 1172 2616 qua
1221 2556 1414 2602 ratione
1454 2554 1627 2601 ductus
1667 2552 1864 2600 finxerit

294 2713 336 2764 1)
368 2708 571 2752 Maxime
596 2709 728 2765 digni
754 2709 835 2765 qui
860 2709 1210 2754 considerentur
1242 2712 1350 2753 sunt
1381 2709 1471 2752 loci
1504 2724 1548 2765 p.
1570 2713 1667 2762 184,
1688 2713 1726 2752 6.
1762 2713 1861 2762 233,

175 2772 228 2810 16
248 2767 377 2822 adn.;
410 2783 454 2824 p.
484 2773 581 2819 190,
603 2775 791 2823 113(1(1.;
825 2767 881 2811 cf.
909 2769 980 2811 Pr.
1008 2773 1077 2812 41.

294 2829 336 2883 2)
368 2827 643 2870 Accuratius
677 2828 751 2884 egi
786 2827 843 2870 de
874 2830 1072 2883 utroque
1103 2828 1153 2870 in
1185 2828 1255 2870 Pr.
1282 2844 1326 2884 p.
1355 2831 1422 2870 28.
1452 2832 1506 2870 29
1523 2829 1650 2882 adn.;
1683 2828 1862 2870 rectum

172 2883 391 2928 habuisse
423 2886 606 2929 videtur
636 2886 692 2929 Is.
719 2886 907 2930 Tzetzes
939 2902 983 2943 p.
1012 2891 1081 2940 67,
1100 2892 1236 2942 lnqq.

1532 2971 1594 3014 b..
