2060 3168
192 137 300 189 376
946 139 1124 180 TPIXA

195 267 264 314 ’ὅτι
296 271 345 314 ἐκ
378 270 463 315 δύο
496 267 633 327 ἥμισυ
667 270 900 327 σύγκειται
931 273 1106 323 ποδῶν,
1138 269 1184 313 οἳ
1213 276 1296 313 τοῦ
1329 267 1464 313 πέντε
1497 269 1612 313 εἰσὶν
1645 268 1796 326 ἥμισυ.
1824 296 1879 302 ——

195 337 545 393 Καταληκτικὸν
578 336 630 381 δὲ
662 337 728 387 εἰς
759 337 1034 394 ὃισύλλαβον
1065 336 1117 379 τὸ

460 402 566 448 υἱέα
597 401 937 460 παμμεδέοντα.

195 469 516 526 ἀκατάληκτον
549 469 600 515 δὲ
632 477 769 514 τοῦτο

150 549 170 580 5
461 535 512 580 ἐκ
544 540 772 591 καθαρῶν
803 534 1014 593 λαγόνων
1045 534 1183 588 τέκες.

317 603 707 659 Τετράμετρον
741 602 791 647 δὲ
824 603 1160 659 καταληκτικὸν
1192 603 1275 659 μὲν
1309 603 1374 653 εἰς
1405 602 1633 661 συλλαβὴν

460 668 563 713 υἱέα
596 668 920 726 παμμεδέοντα
951 668 1103 726 λόγον.

193 737 270 782 καὶ
312 744 447 780 τοῦτο
491 734 826 792 ἐπισημότατόν
867 736 988 780 ἐστιν
1029 735 1344 793 ἑφθημιμερὲς
1383 737 1691 793 καλούμενον,
1733 733 1801 780 ὅτι
1833 737 1884 782 ἐκ

194 811 334 860 τριῶν
366 801 503 859 ἥμισυ
535 806 695 847 ποδῶν
728 803 983 860 σύγκειται)
1023 801 1076 846 οῖ’
1101 803 1218 846 εἰσιν
1251 801 1388 858 ἥμισυ
1419 810 1501 846 τοῦ
1534 802 1669 847 ἑπτά
1712 803 1773 853 ὡς
1803 803 1884 846 καὶ

129 882 171 912 10
194 870 246 914 τὸ
286 868 648 926 πενθημιμερές,
691 868 901 923 παρόσον
934 869 983 913 ἐκ
1017 869 1101 914 δύο
1134 867 1285 926 ἥμισυ.
1347 875 1482 913 τοῦτο
1516 868 1567 914 δὲ
1598 869 1649 912 τὸ
1683 868 1882 926 ἑφθημι-

195 935 327 994 μερὲς
363 933 660 992 Ἀλκμανικὸν
706 938 936 990 καλεῖται,
992 934 1063 980 ὅτι
1109 938 1341 994 πολλαχοῦ
1387 934 1657 991 κατακόρως
1693 933 1884 992 Ἀλκμὰν

194 1003 339 1062 τούτῳ
387 1001 614 1060 κέχρηται.
685 1001 988 1059 τετράμετρον
1035 999 1120 1046 οὖν
1167 1002 1503 1058 καταληκτικὸν
1551 1002 1616 1053 εἰς
1656 1002 1884 1061 συλλαβήν

198 1070 291 1114 ἐστι
321 1069 371 1113 τὸ
407 1067 553 1126 ῥἠθὲν
587 1067 912 1126 ἑφθημιμερές.
946 1095 1004 1101 ——
1037 1069 1122 1118 Εἰς
1154 1068 1205 1114 δὲ
1241 1069 1516 1127 ὃισύλλαβον
1549 1070 1885 1126 καταληκτικὸν

196 1135 498 1193 τετράμετρον
529 1143 665 1179 τοῦτο

131 1212 171 1244 15
464 1203 514 1247 ἐκ
547 1206 772 1256 καθαρῶν
803 1201 1015 1258 λαγόνων
1046 1202 1173 1252 τέκες
1203 1202 1339 1260 ἁγνά.

197 1271 276 1313 καὶ
321 1276 458 1313 τοῦτο
508 1268 843 1326 ἐπισημότατόν
892 1270 985 1314 ἐστι
1031 1269 1110 1312 καὶ
1150 1266 1450 1326 Ἀρχιλόχειον
1499 1269 1783 1326 ὀνομάζεται.
1829 1295 1887 1302 —

193 1334 523 1392 Ἀκαταληκτον
556 1335 607 1380 δὲ
638 1335 942 1392 τετράμετρον

462 1400 566 1446 υἱέα
598 1400 923 1458 παμμεδέοντα
955 1401 1093 1460 λόγον
1123 1401 1263 1452 τέκες.

199 1468 388 1520 ἔνδοξόν
430 1469 523 1512 ἐστι
562 1469 642 1511 καὶ
680 1475 815 1512 τοῦτο
840 1465 1077 1528 Ἀρχιλόχῳ
1117 1470 1197 1513 καὶ
1221 1466 1431 1525 Ἀλκμᾶνι
1463 1471 1694 1527 πολλαχοῦ
1725 1485 1886 1526 κεχρη-

133 1547 174 1577 20
199 1535 351 1592 μένον.
414 1534 694 1591 τετράμετρα
726 1535 810 1592 μὲν
842 1532 925 1579 οὖν
957 1542 1116 1580 ταῦτα.

319 1603 370 1644 H
375 1601 644 1658 εντάμετρ
657 1619 687 1644 α
711 1601 778 1656 δέ,
796 1602 1131 1658 καταληκτικὸν
1149 1601 1232 1659 μὲν
1254 1602 1396 1646 πάλιν
1415 1603 1480 1652 εἰς
1497 1602 1741 1661 συλλαβήν,
1760 1603 1820 1653 ὡς
1836 1603 1887 1647 τὸ

466 1667 495 1711 ἃ
528 1668 608 1712 τὸν
640 1667 935 1724 παντογόνου
969 1666 1281 1713 αἰωνοτόκου·
1922 1670 2043 1727 (269)

199 1735 264 1784 εἰς
296 1733 346 1779 δὲ
379 1734 655 1792 δισύλλαβον

465 1800 569 1845 υἱέα
600 1800 926 1858 παμμεὸέοντα
958 1800 1095 1857 λόγον
1129 1801 1332 1858 κόσμοιο.

133 1879 175 1910 25
199 1875 333 1911 τοῦτο
375 1867 425 1911 δὲ
466 1868 546 1911 καὶ
578 1865 822 1925 Σιμμίειον
862 1871 1089 1922 καλεῖται,
1130 1869 1190 1919 ὡς
1219 1875 1301 1912 τοῦ
1327 1866 1511 1913 Ῥοδίου
1544 1866 1747 1926 Σιμμίου
1779 1871 1888 1912 πολ-

198 1937 348 1992 λαχῶς
387 1935 511 1993 αὐτῷ
549 1933 851 1991 χρησαμένου.
884 1961 943 1967 ——
969 1932 1306 1991 Ἀκατάληκτον
1345 1934 1657 1991 πεντάμετρον
1689 1937 1750 1986 ὡς
1780 1934 1887 1979 τόδε

467 2001 517 2045 ἐκ
549 2004 777 2056 καθαρῶν
809 1999 1019 2058 λαγόνων
1050 1999 1176 2051 τέκες
1207 2001 1328 2058 ἁγνὰ
1359 2000 1582 2057 παρθένε.

313 2065 653 2148 Εξαμετρον
687 2067 752 2123 δέ,
785 2069 850 2118 εἰς
882 2068 1110 2125 συλλαβὴν
1142 2068 1225 2124 μὲν
1257 2070 1519 2124 καταλῆγον
1550 2068 1601 2111 τὸ

466 2151 496 2177 α
528 2134 607 2177 τὸν
640 2133 934 2192 παντογόνου
968 2133 1270 2179 αἰωνοτόκοιο
1302 2132 1453 2190 λόγον.

133 2198 451 2256 30“Εξάμετρα
492 2201 541 2244 δὲ
588 2200 901 2256 καταληκτικὰ
940 2201 1005 2251 εἰς
1044 2201 1317 2259 δισυλλαβον
1360 2200 1416 2245 τὰ
1456 2198 1736 2258 προκείμενα
1782 2199 1889 2257 τρία

203 2266 302 2323 ἔπη.
363 2264 698 2323 Ἀκατάληκτον
731 2266 782 2311 δὲ
816 2266 1062 2323 ἑξαμετρον
1094 2268 1155 2318 ὡς
1185 2267 1235 2311 τὸ

467 2331 571 2376 υἱέα
603 2331 928 2390 παμμεὸέοντα
959 2332 1097 2390 λόγον
1129 2331 1303 2390 κόσμου
1335 2332 1558 2390 γενετῆροὲ
1590 2350 1651 2390 γε.

202 2400 282 2443 καὶ
316 2397 431 2453 παρ’
454 2397 634 2458 Ὁμήρῳ
667 2401 727 2455 (Γ
749 2402 851 2455 237)
882 2399 934 2442 τὸ

471 2464 687 2520 Κάστορά
710 2463 764 2509 θ’
788 2465 1057 2522 ἱππόδαμον
1083 2467 1162 2509 καὶ
1186 2467 1276 2519 πὺξ
1301 2467 1489 2523 ἀγαθὸν
1515 2467 1828 2510 Πολυδεύκεα.

136 2542 178 2573 35
203 2532 283 2574 καὶ
315 2530 568 2586 περαιτέρω
599 2532 776 2575 τούτων
810 2533 892 2588 οὐχ
930 2531 1120 2588 εὕρηταί
1153 2549 1219 2582 τις
1250 2530 1533 2590 προβαίνων.

324 2653 378 2690 34
418 2649 506 2692 hoc
547 2649 740 2705 exempl.
775 2663 868 2692 non
901 2652 972 2694 est
1010 2650 1058 2692 in
1098 2650 1269 2694 soh01.1³
1301 2650 1380 2693 lib.
1412 2650 1495 2704 111,
1537 2651 1617 2694 sed
1650 2664 1805 2693 versus
1837 2653 1890 2693 ub

205 2705 503 2763 δολιχόουρος
525 2707 598 2751 vel
631 2709 829 2763 synizesi
863 2711 1054 2752 sanatus
1086 2724 1178 2752 non
1210 2722 1312 2752 raro
1345 2709 1536 2752 affertur
1558 2709 1686 2753 velut
1719 2709 1889 2752 schol.¹³

202 2882 230 2926 J
324 2829 346 2867 1
382 2824 431 2868 αἳ
463 2826 567 2869 PK
601 2828 614 2882 ΙΙ
655 2831 679 2868 9
714 2825 762 2868 αἳ
795 2827 899 2870 PK
933 2830 946 2882 Η
989 2831 1039 2868 12
1073 2834 1207 2870 τοῦτο
1242 2829 1286 2870 Ρ
1328 2830 1342 2882 ΙΙ
1392 2831 1562 2869 19-20
1595 2826 1890 2883 κεχρημένοις

232 2897 329 2939 ung
