2060 3168
0 455 2 457 >
27 432 150 489 (153)

0 2381 128 3168 1⁶

473 167 593 208 XIV.
619 167 703 207 XV
734 166 878 207 ΠΕΡΙ
908 165 1034 206 ΤΟΤ
1066 164 1580 206 ANAKPEONTEIOT
1766 162 1873 216 285

580 424 746 495 Περὶ
787 433 901 478 τοῦ
933 422 1481 492 Ἀνακρεοντείου.

305 531 350 582 1.
384 528 827 600 Ἀνακρεόντειον
859 530 913 581 οἱ
943 528 1045 597 μὲν
1077 527 1337 596 ἀρχαῖοι
1369 528 1442 585 τὸ·
1464 527 1724 596 δίμετρον
1757 528 1875 596 ἰαμ-

184 614 345 680 βικόν
384 626 521 680 φασι
562 612 622 664 τὸ
663 609 752 663 καὶ
794 610 1186 678 ἀκατάληκτον,
1237 609 1371 677 ὅπερ
1411 609 1500 661 καὶ
1541 608 1876 661 ὀκτασύλλα-

185 695 288 761 βόν
343 692 516 760 ἐστιν,
570 693 965 761 ἐπιδεχόμενον
1019 691 1153 742 κατὰ
1206 690 1309 758 μὲν
1363 691 1462 758 τὴν
1514 690 1737 759 πρώτην
1786 691 1873 742 καὶ
1923 711 1942 742 ⁵

183 777 374 845 τρίτην
413 776 599 843 χώραν
639 777 840 843 ἴαμβον
879 773 968 825 καὶ
1009 773 1307 825 σπονδεῖον
1347 773 1420 834 ὡς
1449 769 1600 839 ἔθος,
1639 772 1776 823 κατὰ
1815 768 1874 823 δὲ

183 858 286 924 τὴν
340 855 606 923 δευτέραν
661 857 861 922 ἴαμβον
915 856 1114 923 μόνον,
1170 854 1304 906 κατὰ
1360 853 1421 906 δὲ
1465 854 1566 922 τὴν
1612 853 1877 921 τετάρτην

187 939 388 1005 ἴαμβον
425 936 458 1004 ἢ
497 938 791 1006 πυρρίχιον
839 937 931 988 διὰ
978 936 1040 989 τὸ
1081 935 1394 1004 ἀδιάφορον
1431 942 1527 1002 τῆς
1565 938 1877 997 τελευταίας

188 1021 478 1086 συλλαβῆς.

297 1100 346 1151 2.
390 1101 457 1151 Οἱ
492 1099 552 1152 δὲ
584 1100 895 1167 νεώτεροι
929 1100 1246 1166 διαιροῦσιν
1275 1098 1408 1150 αὐτὸ
1442 1103 1520 1159 εἴς
1551 1117 1608 1150 τε
1639 1103 1788 1151 κῶλα
1820 1097 1874 1161 ἓξ
1902 1123 1944 1155 10

185 1182 274 1234 καὶ
315 1183 391 1243 εἰς
433 1182 557 1234 δύο·
597 1181 687 1233 καὶ
726 1181 792 1232 τὰ
830 1177 933 1246 μὲν
971 1179 1025 1242 ἓξ
1066 1179 1214 1232 κῶλά
1253 1193 1426 1247 φασιν
1466 1184 1670 1248 οἴκους,
1710 1181 1776 1232 τὰ
1817 1177 1875 1232 δὲ

187 1263 289 1316 δύο
344 1263 660 1315 κουκούλια.
744 1262 835 1314 καὶ
890 1260 1236 1330 ἐπιδέχονται
1287 1261 1345 1313 oc
1393 1260 1495 1329 μὲν
1549 1254 1691 1314 οἶκοι
1747 1260 1875 1313 άνά-

185 1359 419 1397 παιστον
458 1344 546 1396 καὶ
587 1344 689 1396 δύο
732 1343 963 1410 ἰάμβους
1001 1341 1092 1395 καὶ
1123 1343 1383 1412 περιττὴν
1414 1345 1715 1410 συλλαβήν,
1755 1335 1878 1395 οἷον

334 1425 440 1478 ἀπὸ
481 1433 580 1478 τοῦ
622 1427 790 1478 λίθου
830 1426 891 1477 τὸ
932 1424 1165 1492 ῥεῖθρον

260 1498 272 1518 ἱ

186 1520 276 1552 και
1903 1523 1942 1555 15

336 1573 442 1626 ἀπὸ
482 1582 577 1642 τῆς
617 1575 781 1642 φίλης
820 1571 1025 1642 ἐρήμου
1067 1571 1352 1643 (Sophron.
1378 1571 1429 1623 V
1457 1571 1528 1642 l).

186 1656 248 1709 τὸ
290 1655 351 1708 δὲ
390 1656 601 1708 τούτων
639 1655 974 1707 κουκούλιον
1012 1655 1294 1722 σύγκειται
1334 1651 1393 1706 ἔκ
1431 1673 1488 1706 τε
1519 1662 1619 1706 τοῦ
1653 1653 1876 1708 ἐλάσσο-

186 1757 283 1799 νος
327 1746 439 1789 τῶν
486 1737 838 1803 δισυλλάβων
887 1737 1079 1789 ποδῶν
1124 1734 1374 1788 τουτέστι
1423 1743 1522 1788 τοῦ
1578 1737 1876 1805 πυρριχίου

187 1818 276 1871 καὶ
323 1816 382 1870 ἐκ
429 1825 528 1870 τοῦ
575 1819 823 1886 μείζονος
865 1819 983 1886 ἤτοι
1023 1824 1122 1869 τοῦ
1164 1818 1489 1884 σπονδείου,
1537 1818 1627 1869 καὶ
1668 1820 1776 1886 ε’χει
1817 1816 1878 1870 ἐν

187 1895 288 1967 μὲν
333 1908 452 1961 ταῖς
492 1906 770 1964 περιτταῖς
817 1899 1016 1967 χώραις
1062 1899 1161 1950 τὸν
1208 1897 1495 1965 ἐλάσσονα,
1544 1897 1605 1951 ἐν
1652 1895 1712 1951 δὲ
1760 1909 1878 1962 ταῖς
1902 1923 1944 1955 20

188 1980 400 2049 ἀρτίαις
438 1982 537 2033 τὸν
575 1983 812 2049 μείζονα,
853 1974 974 2033 οἷον

336 2060 528 2130 ἀρετῆς
568 2061 912 2130 εὐστεφάνου
954 2063 1130 2114 ἄνθεα
1170 2061 1392 2131 δρέψας,

337 2142 510 2210 ἁγίων
548 2143 891 2210 περσιδάμου
929 2145 1138 2211 κόσμου
1178 2142 1316 2196 ἀΐων

36 2222 159 2278 (164)
189 2215 278 2268 καὶ

342 2292 619 2359 Ζαχαρίου
658 2291 900 2359 μεγάλου
939 2291 1213 2359 πάγκλυτε
1253 2299 1420 2361 κοῦρε
1453 2289 1666 2362 (Sophr.
1693 2291 1742 2343 V
1769 2291 1875 2363 17).
1902 2315 1943 2348 25

303 2371 351 2423 3.
422 2373 579 2434 Τινὲς
633 2372 694 2424 δὲ
741 2373 1142 2424 συντάττουσιν
1189 2372 1376 2435 αὐτοῖς
1422 2371 1510 2425 καὶ
1561 2372 1772 2442 ἕτερον,
1821 2372 1875 2436 ἐξ

134 2380 315 2515 1ενὸς
353 2462 464 2505 τῶν
501 2456 959 2522 τετρασυλλάβων
996 2454 1187 2506 ποδῶν
1225 2455 1326 2521 τὴν
1358 2454 1626 2506 σύστασιν
1665 2458 1876 2523 ἔχοντα,

193 2641 275 2686 ΟΕ
312 2588 367 2627 14
400 2584 473 2685 cf}
491 2583 644 2640 Bergk
677 2583 806 2627 PLG
830 2583 915 2626 111⁴
947 2599 989 2640 p.
1018 2589 1099 2627 337
1118 2599 1184 2640 sq.
1240 2584 1340 2628 Hel.
1368 2585 1490 2628 Mon.
1517 2584 1608 2627 AV
1636 2590 1732 2628 176.
1789 2587 1874 2629 An.

262 2657 314 2686 ιε.
347 2658 392 2699 p.
449 2649 459 2683 :

312 2751 337 2789 2
368 2753 450 2789 τοῦ
484 2760 570 2788 om.
598 2746 687 2802 ΡΖ
727 2747 742 2801 ΙΙ
789 2750 814 2788 3
847 2744 1211 2802 Ανακρεόντειον
1243 2747 1477 2799 Hoersch„
1515 2747 1565 2790 τὸ
1600 2748 1683 2803 μὲν
1715 2750 1787 2791 ἀν.
1824 2750 1876 2802 Y,

191 2805 243 2849 τὸ
267 2805 340 2848 ἀν.
359 2805 401 2848 Ζ
420 2807 435 2861 ΙΙ
461 2810 513 2847 12
539 2805 790 2848 κουκούλια
810 2805 1042 2860 Hoersch„
1066 2807 1342 2851 κουκούλιον
1359 2783 1491 2849 codd.
1517 2809 1531 2862 ΙΙ
1556 2811 1611 2848 23
1635 2806 1806 2863 κόσμος
1828 2809 1876 2861 λῖς

192 2863 366 2920 κόσμον
398 2864 472 2907 ἀεὶ
503 2861 567 2907 ὢν
600 2878 704 2920 app.
738 2864 871 2908 Dion.
906 2866 919 2920 ΙΙ
952 2869 1005 2907 27
1041 2866 1189 2917 ποδὸς
1220 2879 1327 2922 app
1362 2865 1495 2909 Dion.
1532 2868 1538 2921 Ι
1574 2866 1792 2910 σύστασιν
1825 2868 1877 2918 Ζ,

194 2936 299 2979 app.
326 2923 475 2976 Dion„
507 2922 603 2974 alii
636 2923 899 2979 συστροφὴν
926 2938 974 2978 p,
1007 2925 1214 2981 στροφὴν
1245 2925 1272 2967 λ·
1315 2927 1320 2980 Ι
1366 2924 1470 2981 ἔχον
1502 2939 1630 2981 prop.
1657 2925 1875 2970 Hoersch.
