2090 3158
245 173 317 227 94
940 175 1173 217 ΣΧΟΛΙΑ
1202 174 1242 215 A

245 312 510 363 ἕκτείνουσι
555 313 646 379 γὰρ
695 311 745 362 τὸ
794 333 827 376 μ
872 312 955 363 καὶ
1001 312 1052 363 τὸ
1093 330 1129 361 π
1167 312 1219 362 τὸ
1258 316 1339 362 λα·
1391 311 1571 377 ὁμοίως
1611 312 1663 364 δὲ
1700 311 1784 364 καὶ
1822 313 1932 373 ἑνὸς

244 395 340 436 τῶν
388 386 574 437 διπλῶν
621 386 970 452 εὑρισκομένου
1017 386 1296 452 ἐκτείνεται,
1348 381 1455 437 οἷον
1503 384 1800 454 Τἀψότερος
1848 387 1932 438 καὶ

243 458 561 527 ῒᾶξιότερος·
602 459 711 510 ἀντὶ
748 460 840 526 γὰρ
881 461 971 511 δύο
1013 461 1297 525 συμφώνων
1335 459 1428 511 εἰσὶ
1465 461 1525 511 τὰ
1562 461 1724 512 διπλᾶ.
1761 488 1836 498 —
1873 461 1932 512 τὰ

245 533 297 585 δὲ
337 534 696 600 σεσημειωμένα
735 535 788 585 ἐν
827 540 927 595 τοῖς
965 534 1163 601 βραχέσι
1201 535 1363 602 μακρὰ
1400 543 1498 585 τῶν
1537 534 1861 602 φωνηέντων,
1901 534 1932 585 ἃ

201 626 219 658 5
243 608 326 660 καὶ
372 608 516 675 χωρὶς
563 609 653 659 δύο
702 610 986 673 συμφώνων
1024 608 1107 659 καὶ
1146 609 1333 659 διπλῶν
1372 609 1665 660 ἐκτείνονται
1701 608 1785 661 καὶ
1822 628 1932 660 ποι-

245 691 356 734 οῦσι
393 683 451 733 τὰ
491 683 573 733 διὰ
611 691 698 733 τοῦ
731 703 755 733 ο
790 691 966 749 μικροῦ
1000 702 1179 750 οτερος,
1218 684 1370 734 ταῦτά
1401 684 1494 733 εἰσι
1522 684 1646 735 κατὰ
1676 689 1930 750 στοιχεῖον·

357 771 580 838 ἄκρατος,
621 771 839 838 ἀνιαρός,
879 772 1093 838 ἀνίατος,
1134 771 1319 838 ἄνισος,
1359 772 1636 840 ἀπρόσιτος,

356 847 606 911 βούλιμος,
645 846 885 912 βόθυνος,
924 847 1099 912 βρυχὴ,
1138 847 1347 913 βριμών,
1387 848 1569 914 βρίθω,

355 921 532 987 γλίφω,
571 921 765 987 γλίκων,
803 921 1007 988 γρυπός,
1046 927 1241 988 γρῖφος,
1279 921 1447 988 τυρός,

179 1013 221 1045 10
357 995 654 1062 δύσπραγος,
694 995 1012 1062 δυσπέρατος,

355 1069 610 1135 ἐπάρατος,
650 1068 868 1135 εὐθύνω,

356 1143 467 1208 θέα,
506 1143 687 1208 θυμός,

357 1213 476 1282 ἶσος,
517 1217 728 1284 ἰσχυρός,
768 1218 997 1284 ἴφθιμος,

354 1291 518 1357 κενός,
564 1293 730 1357 κηλίσ,
776 1292 974 1358 κνιπός,
1019 1292 1205 1359 κριτάς,
1251 1292 1432 1359 κρνθή,
1478 1292 1735 1358 κίνδυνος,
1781 1300 1929 1358 κῦμα,

179 1382 219 1415 15
243 1374 408 1431 κῦρος,

234 1466 265 1485 ο
355 1440 499 1505 λιτός,
539 1439 687 1506 λιρός,
727 1439 881 1507 λιμός,
921 1445 1076 1507 λῑπος,
1116 1442 1263 1506 λύμη,

357 1514 526 1579 μανός,
566 1520 747 1580 μῦθος,

358 1589 485 1653 νίκη,

358 1663 573 1729 ξεναγός,
614 1663 766 1727 ξένος,

178 1753 219 1783 20
358 1737 564 1803 οἰζυρός,
606 1737 787 1803 ὅμιλος,

353 1820 526 1876 πρᾶος,
565 1817 698 1876 πῖον,
738 1812 949 1877 περάσω,
989 1817 1178 1878 πνῖγος,
1218 1812 1370 1878 πυγή,
1408 1811 1559 1877 πυρά,
1598 1810 1770 1877 πυρός,

355 1883 599 1954 ῥᾴθυμος,
640 1887 778 1952 ρἄν,
819 1885 970 1952 ῥινός,
1011 1887 1146 1953 ῥιγῶ,
1186 1885 1351 1954 ρυσός,

354 1959 492 2024 σιμός
533 1955 581 2025 [ὁ
621 1957 838 2025 πατζός],
878 1961 1041 2026 σιλών,
1082 1959 1323 2027 στέριφος,
1363 1959 1581 2027 στραγός,

355 2034 485 2097 τιμή,
524 2034 715 2100 τρανός,
755 2043 928 2099 τῦφος,

177 2121 218 2154 25
356 2109 466 2172 ὕλη,

356 2180 531 2245 φανός,
571 2183 759 2246 φθίνω,
801 2181 968 2247 φιμός,
1008 2187 1231 2247 φλυαρῶ,

354 2254 563 2321 χαλινός,
603 2255 796 2321 χρυσός,
836 2255 1004 2322 χυμός,
1043 2256 1203 2322 χυλός,

355 2329 532 2395 ψαρός,
571 2329 733 2394 ψιλός,
774 2331 925 2395 ψυχή-

364 2491 388 2528 3
408 2486 465 2529 cf.
481 2486 727 2530 Ps.-Draeo
748 2487 792 2542 (i.
806 2500 842 2530 e.
858 2487 1172 2540 Diassorinos3
1196 2502 1235 2530 v.
1256 2486 1304 2530 L.
1326 2485 1455 2530 Cohn
1477 2486 1528 2530 in
1540 2486 1705 2530 Philol.
1720 2485 1923 2542 Abhdlg.

245 2543 293 2586 in
325 2544 546 2588 honorem
579 2545 770 2588 Martini
801 2546 941 2589 Hertz
974 2562 1017 2602 p.
1047 2548 1147 2603 137)
1179 2562 1222 2603 p.
1251 2550 1334 2589 117

366 2698 385 2735 1
420 2693 592 2736 rectius
624 2693 674 2736 τὸ
708 2694 763 2750 βρ
804 2693 883 2735 καὶ
922 2693 972 2736 τὸ
1006 2710 1098 2749 μπρ
1130 2693 1180 2736 τὸ
1214 2711 1244 2736 α
1290 2695 1304 2750 ΙΙ
1350 2697 1377 2735 4
1411 2693 1459 2737 ἐν
1490 2699 1587 2742 τοῖς
1617 2691 1806 2750 βραχέσι
1837 2691 1925 2737 del.

245 2750 455 2807 Westph
483 2755 496 2807 ΙΙ
529 2757 553 2794 6
587 2768 610 2795 ο
643 2759 808 2808 μικροῦ
842 2768 998 2807 οτερος
1030 2753 1212 2808 scripsi,
1258 2768 1414 2807 οτερος
1445 2750 1586 2807 μικρά
1617 2751 1718 2795 IM
1743 2752 1757 2806 ΙΙ
1784 2755 1866 2793 7-
1871 2754 1926 2793 28

246 2810 430 2882 singula
462 2811 708 2854 emendare
740 2824 824 2853 nec
856 2812 988 2866 potui
1020 2825 1104 2854 nee
1128 2811 1252 2855 volui
1276 2814 1290 2867 ΙΙ
1315 2815 1340 2853 9
1374 2810 1484 2883 γλήχ
1487 2827 1551 2853 ων
1575 2811 1609 2853 Ι
1612 2810 1674 2852 Μ
1693 2810 1707 2865 ΙΙ
1734 2813 1788 2852 14
1819 2812 1927 2865 post

245 2867 377 2918 κενός
408 2870 513 2912 add.
549 2872 647 2913 IM
675 2869 837 2919 καινός
894 2872 899 2925 Ι
957 2868 1084 2925 κηλις
1115 2829 1501 2926 Τι11·11.,κηλίσὸω
1534 2870 1634 2912 ΙΜ
1682 2870 1696 2924 ΙΙ
1747 2868 1926 2925 21(in.)

246 2935 357 2983 ρᾶος
389 2930 452 2983 ΙΗ
478 2933 531 2971 23
565 2926 751 2986 πατζός]
785 2928 840 2971 cf.
878 2929 948 2971 Du
982 2928 1136 2986 Gange
1171 2944 1202 2972 s.
1229 2945 1267 2971 v.
1299 2932 1304 2984 Ι
1333 2926 1585 2985 στρατηγός
1617 2929 1679 2972 M
