2060 3168
665 140 774 180 VIII
804 139 950 179 ΠΕΡΙ
979 137 1331 179 ΤΡΟΧΑΙΚΟΤ
1735 134 1838 185 271

158 274 607 342 Τετράμετρον
647 273 708 326 δὲ
747 271 1268 342 βραχυκατάληκτον
1305 268 1407 338 μὲν
1446 263 1568 324 οἷον
1597 268 1683 341 (fr.
1710 287 1843 322 com.

151 373 231 407 an.
265 353 382 424 39)-

225 434 344 489 οὐδ’
374 435 653 503 Ἀμειψίαν
677 435 838 504 ὁρᾶτε
869 435 1089 504 πτωχὸν
1121 433 1232 487 ὅντ’
1265 433 1327 487 ἐν
1355 434 1491 500 ὑμῖν
1517 431 1611 504 (=
1628 432 1844 501 Heph.).
1868 445 1877 449 “

150 517 524 586 ἀκατάληκτον
564 515 625 570 δὲ
665 520 788 570 οἱον
827 515 1043 587 (Anaer.
1071 514 1165 585 76)

225 601 400 652 κλῦθί
441 619 544 666 μευ
594 597 852 667 γέροντος
900 597 1158 667 εὐέθειρα
1208 599 1550 666 χρυσόπεπλε
1596 597 1770 664 κούρα
1893 620 1912 651 5

1243 715 1312 721 --
1338 678 1422 731 He
1462 679 1512 730 h.

150 756 546 823 καταληκτικὸν
586 754 647 807 δὲ
688 751 914 824 (Archil.
946 751 1042 824 60)
1219 677 1312 749 (—
1423 698 1458 747 p
1517 676 1553 749 )

218 836 417 906 Ἐρξίη,
438 845 511 907 πῇ
538 835 691 905 ὃηῦτ’
708 837 944 902 ἄνολβος
965 834 1280 901 ἀθροίζεται
1300 836 1526 904 στρατός
1541 833 1620 905 (=
1631 832 1844 904 Heph.).

153 919 636 988 ὑπερκατάληκτον
677 918 738 970 δὲ
777 918 850 980 ὡς
888 925 1075 970 τοῦτο·

224 1002 400 1053 κλῦθί
426 1020 529 1069 μευ
562 999 821 1069 γέροντος
854 998 1110 1067 εὐέθειρα
1142 999 1485 1067 χρυσόπεπλε
1519 1005 1626 1050 νῦν
1654 999 1844 1067 κούρα.
1871 1019 1912 1050 10

151 1082 617 1150 Πεντάμετρον
657 1081 719 1133 δὲ
759 1072 881 1133 οἷον
920 1077 1152 1150 (Gallim.
1183 1079 1246 1131 fr.
1276 1077 1405 1149 115)

224 1161 438 1233 ἔρχεται
461 1165 634 1225 πολὺς
657 1159 759 1229 μὲν
776 1164 1016 1230 Αἰγαῖον
1041 1160 1300 1230 ὃιανήξας
1325 1160 1414 1214 ἀπ’
1439 1163 1663 1230 οίνηρῆς
1691 1163 1845 1214 Χίου.

255 1242 412 1297 ’Έστι
460 1245 521 1297 δὲ
567 1245 661 1296 καί
704 1263 757 1296 τι
785 1291 789 1294 .
812 1244 992 1312 χωλὸν
1038 1244 1402 1313 τετράμετρον
1449 1245 1845 1311 καταληκτικὸν

153 1327 225 1389 ὡς
265 1327 390 1379 τόδε
432 1325 692 1396 (Hippon.
722 1323 814 1396 78)

232 1409 563 1479 Μητροτίμῳ
613 1406 781 1475 δηῦτέ
825 1426 890 1473 με
942 1409 1041 1476 χρὴ
1090 1413 1164 1479 τῷ
1211 1408 1386 1478 σκότῳ
1434 1406 1754 1470 δικάζεσθαι
1870 1426 1911 1458 15

1222 1486 1317 1558 (=
1347 1485 1560 1557 Heph.).

0 1574 118 1633 (161)
154 1572 333 1640 χωλὸν
380 1571 442 1623 δὲ
488 1569 726 1638 λέγεται,
778 1570 861 1622 ὅτι
907 1570 1004 1622 τὸν
1054 1571 1443 1638 παραλήγοντα
1488 1569 1632 1620 πόδα
1678 1582 1845 1621 σπον-

154 1654 306 1705 δεῖον
346 1650 472 1720 ἔχει,
513 1651 581 1705 ὃν
620 1650 1019 1719 ἀποστρέφεται
1060 1652 1125 1703 τὰ
1164 1650 1529 1718 καταληπτικὰ
1559 1650 1843 1718 τροχαϊκοὲ·

153 1742 322 1786 ταῦτα
363 1734 466 1802 γὰρ
508 1736 658 1802 φιλεῖ
698 1734 798 1801 τὴν
838 1733 1166 1784 κατακλεῖδα
1198 1732 1230 1800 ἢ
1270 1739 1492 1800 χορεῖον
1523 1730 1554 1799 ἢ
1586 1740 1846 1799 τροχαῖον

153 1818 318 1884 ἔχειν·
359 1823 620 1884 τροχαῖον
658 1811 759 1881 μὲν
799 1814 982 1882 ὥσπερ
1023 1813 1110 1867 ἐπὶ
1149 1821 1248 1866 τοῦ
1871 1833 1912 1865 20

223 1896 403 1967 Ἐρξίη
444 1905 518 1967 πῇ
560 1894 712 1965 δηῦτ’
753 1897 990 1962 ἄνολβος
1030 1895 1343 1965 ἀθροίζεται
1385 1897 1628 1964 στρατός,

153 1987 374 2048 χορεῖον
414 1975 474 2031 δὲ
514 1978 586 2040 ὡς
626 1976 711 2030 ἐπὶ
751 1978 952 2030 τούτου
993 1975 1079 2047 (fr.
1113 1994 1245 2029 com.
1280 1995 1360 2028 an.
1394 1975 1489 2046 38)

229 2070 340 2113 τῶν
378 2064 619 2113 πολιτῶν
660 2059 866 2124 ἄνδρας
912 2058 1046 2125 ὑμῖν
1086 2059 1460 2127 δημιουργοὺς
1500 2057 1769 2126 ἀποφανῶ

1222 2137 1316 2210 (=
1349 2137 1564 2210 Heph.).

160 2228 411 2277 Τοσαῦτα
449 2222 539 2276 καὶ
580 2221 704 2292 περὶ
745 2229 1061 2290 τροχαϊκοῦ·
1104 2219 1223 2289 ἑξῆς
1262 2217 1323 2273 δὲ
1355 2221 1480 2290 πὲρι
1514 2222 1844 2273 δακτυλικοῦ
1870 2240 1912 2272 25

154 2305 389 2358 λεκτέον.

275 2471 300 2508 3
335 2462 434 2509 ὄντ’
464 2466 511 2510 ἐν
544 2465 673 2522 ὑμῖν]
709 2463 822 2507 ὄντα
855 2464 919 2508 ἐν
935 2464 1063 2519 ὑμῶν
1097 2463 1245 2518 codd„
1280 2459 1378 2507 ὄντ’
1411 2460 1485 2518 ἐφ’
1516 2463 1626 2519 ὑμῖν
1657 2461 1833 2518 Heph.

158 2530 212 2568 10
237 2532 384 2580 κοῦρα
410 2532 495 2568 νῦν
512 2524 733 2567 Hoersch.
760 2524 774 2579 ΙΙ
797 2537 881 2578 pro
903 2527 1013 2566 11—
1020 2527 1073 2565 12
1100 2523 1148 2565 in
1172 2523 1231 2566 Y.
1257 2521 1573 2578 πεντάμετρον
1599 2520 1650 2565 δὲ
1675 2523 1845 2579 βραχυ-

155 2584 443 2640 καταληκτον
477 2583 559 2638 μὲν
591 2583 717 2627 τόδε·
766 2582 976 2640 ,,έρχεται
1008 2598 1055 2625 π.
1089 2598 1132 2637 μ.
1165 2585 1219 2625 Α.
1254 2583 1294 2625 ὃ.
1329 2582 1371 2624 ἀ.
1407 2582 1492 2625 οἰν.
1528 2579 1608 2624 ὃέ“
1621 2595 1629 2603 ·
1671 2580 1844 2623 ἀκατα-

155 2646 321 2699 ληκτον
355 2643 405 2688 δὲ
437 2643 488 2686 τὸ
522 2642 636 2685 αὐτὸ
669 2639 1003 2696 προσκειμένου
1036 2644 1099 2701 τῷ
1131 2640 1249 2686 τέλει
1279 2649 1360 2684 τοῦ
1393 2638 1532 2684 Χίου·
1574 2642 1844 2696 καταληπτι-

156 2717 241 2760 κὸν
274 2716 325 2762 δὲ
357 2717 408 2760 τὸ
441 2716 554 2760 αὐτὸ
587 2715 727 2758 πάλιν
759 2712 998 2764 λείποντος
1028 2721 1111 2758 τοῦ
1145 2705 1203 2759 ὃ-ε-
1226 2722 1308 2758 τοῦ
1335 2713 1614 2769 συνδέσμου·
1648 2714 1769 2770 ,Ἡέρχ
1795 2731 1841 2757 π.

158 2793 200 2831 μ.
234 2774 284 2819 Ἀ
318 2779 360 2820 ὃ.
392 2776 436 2819 ἀ.
471 2775 557 2819 οἰν.
592 2778 677 2817 Χ.“
718 2773 1124 2830 ὑπερκατάληκτον
1164 2772 1216 2818 δὲ
1257 2775 1340 2818 οὐκ
1382 2774 1503 2818 ἔστιν
1544 2772 1692 2827 ὥσπερ
1735 2772 1843 2817 οὐδὲ

160 2835 219 2936 ἐζ(
238 2839 302 2894 τῷ
329 2835 527 2938 tezagam}
545 2836 559 2890 ΙΙ
586 2838 639 2876 13
664 2850 706 2876 τι
731 2832 966 2887 Hoersch„
999 2833 1050 2876 τὸ
1078 2833 1140 2885 Χ,
1165 2847 1251 2877 om.
1278 2834 1354 2889 Yl}
1380 2837 1435 2876 20
1462 2832 1583 2890 ἔχειν
1608 2832 1843 2879 Hoersch.

159 2911 193 2949 φ
221 2911 319 2949 ρειν
352 2908 404 2937 co
