2090 3158
516 181 594 222 IV.
629 180 775 220 ΠΕΡΙ
804 179 1182 222 ΑΠΟΘΕΣΕΩΣ
1213 178 1474 220 ΜΕΤΡΩΝ.
1774 176 1842 228 13

956 387 1047 440 IV.

552 505 714 575 Περὶ
755 504 1133 568 ἀποθέσεως
1172 505 1459 594 μέτρων.-

260 625 342 694 (1)
381 623 734 694 Άκατάληκτα
766 629 1009 678 καλεῖται
1040 623 1234 695 μέτρα,
1267 625 1370 678 ὅσα
1397 626 1494 678 τὸν
1526 628 1844 677 τελευταῖον

148 707 293 759 πόδα
318 706 624 775 ὁλόκληρον
649 704 777 775 ἔχει,
795 700 917 760 οἷον
933 706 1054 775 [ὡς]
1083 706 1169 759 ἐπὶ
1196 708 1528 759 δακτυλικοῦ
1547 703 1842 776 (Alcm.45)

370 786 535 841 Μῶσ’
579 790 677 856 ἄγε
717 789 1006 840 Καλλιόπα
1043 789 1291 857 θύγατερ
1331 789 1484 856 Διός,
1890 805 1908 838 5

0 878 115 939 1[27]
260 869 347 938 (2)
386 870 749 938 καταληκτικὰ
788 868 874 938 δέ,
915 870 1019 923 ὅσα
1065 868 1438 939 μεμειωμένον
1476 866 1586 938 ἔχει
1625 869 1724 921 τὸν
1761 887 1844 920 τε-

148 955 408 1004 λευταῖον
446 952 607 1019 πόδα,
648 945 771 1004 οἷον
811 951 898 1004 ἐπὶ
939 952 1197 1020 ἰαμβικοῦ
1237 950 1460 1022 (Sapph.
1490 947 1619 1021 103)

371 1035 625 1102 χαίροισα
663 1033 876 1102 νύμφα,
915 1032 1146 1102 χαιρέτω
1189 1032 1238 1086 δ’
1286 1033 1314 1086 ὁ
1355 1034 1620 1102 γαμβρός·

148 1128 395 1181 ἐνταῦθα
434 1131 538 1197 γὰρ
578 1129 611 1197 ἡ
650 1117 786 1199 βρῖς
815 1131 1097 1182 τελευταία
1130 1130 1375 1197 συλλαβὴ
1416 1127 1539 1180 ἀντὶ
1580 1128 1715 1180 ὅλου
1746 1146 1842 1180 πο-

59 1225 115 1265 15
148 1210 244 1272 δὸς
291 1212 549 1278 ῐαμβικοῦ
596 1220 784 1264 κεῖται.
855 1209 985 1263 Ἐὰν
1032 1208 1092 1263 δὲ
1139 1211 1504 1279 τρισύλλαβος
1549 1203 1583 1278 ᾖ
1624 1208 1653 1262 ὁ
1704 1211 1844 1271 ποὺς
1869 1229 1911 1261 10
1967 1202 1973 1207 ⁶

148 1291 177 1344 ὁ
216 1292 277 1344 τὸ
316 1291 519 1362 μέτρον
550 1293 828 1361 συνιστάς,
862 1293 1095 1345 δύναται
1126 1290 1217 1345 καὶ
1248 1292 1397 1361 παρὰ
1429 1292 1532 1344 δύο
1566 1291 1844 1359 συλλαβὰς

148 1366 290 1426 εἶναι
315 1374 376 1426 τὸ
403 1376 817 1443 καταληκτικόν,
843 1367 966 1427 οἷον
991 1372 1079 1426 ἐπὶ
1106 1374 1440 1426 δακτυλικοῦ
1466 1370 1693 1443 (Archil.
1713 1371 1841 1442 104)

371 1454 432 1508 ἐν
473 1456 535 1508 δὲ
575 1456 978 1523 Βατουσιάδης·

148 1549 395 1604 ἐνταῦθα
440 1552 545 1620 γὰρ
593 1552 625 1619 ἡ
667 1554 765 1620 δης
814 1552 1060 1620 συλλαβὴ
1094 1550 1216 1604 ἀντὶ
1255 1551 1628 1621 τρισυλλάβου
1669 1559 1842 1603 κεῖται

150 1631 552 1702 [δακτυλικοῦ].
646 1632 765 1685 Ἐπὶ
822 1634 883 1686 δὲ
936 1642 1048 1685 τῶν
1102 1634 1375 1686 τοιούτων
1428 1633 1489 1684 τὸ
1541 1633 1644 1699 μὲν
1696 1633 1843 1701 παρὰ
1868 1651 1908 1683 15

149 1715 434 1782 συλλαβὴν
488 1720 730 1768 καλεῖται
785 1715 1180 1783 καταληκτικὸν
1235 1719 1313 1777 εἰς
1360 1715 1724 1782 δισύλλαβον,
1779 1715 1841 1767 τὸ

150 1791 210 1846 δὲ
249 1797 399 1864 παρὰ
438 1796 542 1848 δύο
583 1797 862 1865 συλλαβὰς
899 1797 1296 1864 καταληκτικὸν
1336 1797 1414 1858 εἰς
1454 1797 1754 1864 συλλαβήν.

260 1877 344 1945 (3)
386 1878 885 1947 Βραχυκατοὲληκτα
917 1874 979 1930 δὲ
1009 1881 1271 1946 καλεῖται,
1312 1877 1415 1930 ὅσα
1446 1876 1552 1929 ἀπὸ
1588 1878 1843 1939 διποδίας

147 1956 237 2010 ἐπὶ
275 1957 467 2021 τέλους
506 1959 613 2031 ὅλῳ
652 1958 784 2011 ποδὶ
823 1962 1131 2028 μεμείωται,
1173 1952 1294 2012 οἷον
1334 1957 1422 2011 ἐπὶ
1464 1961 1722 2027 ἰαμβικοῦ
1755 1959 1840 2029 (fr.

147 2039 244 2107 lyr.
286 2039 463 2109 adesp.
502 2039 598 2110 45)
1867 2060 1910 2092 20

270 2199 291 2236 1
327 2194 388 2236 ad
420 2208 521 2250 cap.
547 2194 611 2237 IV
643 2194 700 2238 cf.
734 2195 819 2237 An.
854 2194 975 2238 Chis.
1008 2210 1054 2250 p.
1081 2199 1150 2250 20,
1177 2199 1245 2237 23.
1302 2196 1377 2238 At.
1412 2194 1535 2238 Fort.
1563 2193 1626 2237 VI
1651 2199 1751 2248 281,
1773 2198 1839 2236 10.

148 2251 261 2295 Mar.
287 2252 408 2296 vict.
429 2253 491 2297 VI
515 2258 584 2306 60,
612 2259 681 2297 26.
736 2253 884 2297 Diom.
911 2254 931 2296 I
956 2259 1056 2307 502,
1083 2258 1108 2296 6
1156 2258 1170 2309 ΙΙ
1217 2258 1333 2296 3-4
1366 2253 1508 2297 schol.
1542 2254 1591 2296 in
1623 2253 1840 2310 Hermog.

149 2310 722 2369 RhGV11936,5(V1169,
742 2316 872 2370 1—2)
898 2315 912 2370 ΙΙ
937 2319 962 2357 5
979 2313 1105 2356 idem
1122 2326 1281 2356 versus
1299 2319 1494 2369 p.22,14
1518 2315 1532 2370 ΙΙ
1557 2317 1670 2356 6-7
1699 2312 1839 2356 schol.

149 2370 198 2412 in
229 2371 444 2430 Hermog.
478 2371 703 2416 RhGVH
729 2377 837 2428 936,
862 2380 886 2415 2
922 2373 1001 2429 (VI
1029 2377 1135 2428 169,
1169 2375 1300 2429 5—6)
1355 2375 1369 2428 ΙΙ
1426 2377 1478 2415 13
1520 2373 1646 2415 idem
1684 2386 1841 2415 versus

150 2434 220 2482 22,
246 2435 273 2473 4
306 2433 353 2474 et
383 2437 452 2486 71,
479 2436 505 2475 8
1759 2457 1771 2469 ·

269 2584 293 2620 2
326 2579 442 2622 haec
474 2594 620 2636 usque
661 2581 721 2623 ad
759 2585 827 2635 14,
864 2585 918 2623 14
950 2580 1056 2625 secl.
1090 2580 1244 2637 Denig
1266 2582 1280 2636 ΙΙ
1305 2585 1331 2622 4
1365 2577 1465 2623 οἷον
1498 2581 1554 2623 Ν
1580 2578 1773 2623 Choer.U
1795 2581 1841 2623 et

150 2640 348 2694 excerpt.
369 2638 514 2682 Paris.
548 2640 667 2695 (cod.
694 2639 837 2683 Paris.
866 2643 1014 2696 2881),
1047 2637 1149 2684 οἷον
1181 2641 1241 2689 ὡς
1273 2639 1404 2683 codd.
1438 2638 1535 2682 rell.
1562 2641 1627 2694 115
1659 2637 1841 2694 μῶσοὲγε

150 2696 250 2751 (sic)
283 2698 408 2752 AD,
450 2706 630 2756 μῶσαγε
662 2701 694 2742 Ι
742 2702 756 2755 ΙΙ
811 2704 835 2741 8
870 2696 1084 2756 χαίροισα
1123 2699 1285 2753 Tum,
1326 2695 1507 2755 χαίροις
1538 2697 1568 2741 ἁ
1600 2698 1749 2751 0οᾱ(1.,
1783 2697 1839 2740 cf.

149 2754 338 2799 Theocr.
369 2761 437 2810 18,
463 2763 518 2801 49
544 2760 558 2815 ΙΙ
583 2762 607 2800 9
642 2758 747 2802 ἀντὶ
780 2756 886 2802 ’ὅλου
917 2758 983 2812 Η,
1014 2758 1121 2802 ἀντὶ
1152 2766 1233 2801 τοῦ
1268 2757 1375 2801 ὅλου
1409 2758 1586 2812 ΑΒΙΗ
1614 2763 1665 2800 12
1699 2773 1841 2800 κατα-

149 2815 316 2868 ληκτὸν
347 2816 397 2859 D
421 2818 435 2872 ΙΙ
462 2822 515 2860 13
549 2817 865 2875 βατουδιοὲδης
897 2818 945 2861 D
970 2820 985 2873 Η
1012 2823 1064 2861 15
1098 2819 1377 2861 δακτυλικοῦ
1411 2816 1498 2860 del.
1535 2815 1703 2869 Gaisf.;
1736 2816 1840 2859 ἀντὶ

151 2872 380 2919 δακτύλου
413 2883 561 2920 κεῖται
591 2875 894 2934 τρισυλλάβου
926 2891 1019 2920 exc.
1053 2876 1197 2920 Paris.
1238 2879 1252 2933 Η
1290 2881 1342 2919 17
1378 2874 1604 2933 συλλαβὰς
1635 2877 1841 2919 καλεῖται

153 2931 214 2984 D,
248 2946 341 2976 exc.
375 2935 476 2979 Par.
507 2940 511 2989 1
540 2937 827 2992 καταληπτὸν
861 2937 908 2979 D
