2090 3158
151 1027 192 1059 10

152 1537 192 1570 15

154 1944 196 1976 20

219 141 322 192 152
907 141 1140 183 ΣΧΟΛΙΑ
1169 141 1209 181 Α

216 292 350 339 σεως
397 284 495 329 τοῦ
544 275 806 343 δευτέρου
861 276 1322 344 παραδείγματος,
1379 276 1673 343 λειπούσης
1719 277 1899 347 χρόνῳ

216 355 454 426 (παίωνα
494 359 597 426 γὰρ
638 355 747 425 ἔχει
782 358 970 425 τρίτον
1001 353 1372 425 πεντασημον)
1407 355 1434 408 ὁ
1468 359 1672 409 λείπων
1704 359 1901 427 χρόνος
1933 367 2016 406 201

216 439 530 506 ἀνεκλασθη
585 436 647 491 ἐν
700 444 774 510 τῷ
817 438 1219 505 Ἀφροδιταν·
1273 435 1584 505 ἑπτασημον
1633 438 1737 506 γαρ
1792 435 1902 507 ἔχει

216 520 475 572 διποδίαν
514 520 830 588 τροχαῑκήνε
863 549 935 555 —
965 515 1170 570 ΙΙΙΙΚ2

327 600 639 701 46,14sqq.
679 597 790 668 ἔχει
832 596 892 652 δὲ
933 599 1106 661 οὕτως
1147 599 1218 660 ὡς
1259 597 1615 651 ὑποτέτακται
1653 599 1762 652 ὑπὸ
1803 607 1903 653 τοῦ

217 689 491 750 τεχνικοῦ·
547 681 579 749 ἡ
635 682 738 750 γὰρ
795 683 1078 733 τελευταιά
1124 688 1219 748 τῆς
1267 679 1548 779 δευτέρας,
1601 681 1904 748 ὀφείλουσα

216 760 357 816 εἶναι
404 762 610 831 μακρά,
658 762 886 830 βραχεια
935 762 1108 830 ἐστιν,
1155 762 1187 830 ἡ
1237 761 1298 814 δὲ
1345 762 1529 831 πρώτη
1570 769 1665 829 τῆς
1702 764 1904 832 τρίτης,

216 844 518 913 ὀφείλουσα
556 845 784 911 βραχεῖα
825 839 984 910 εἶναι,
1023 863 1202 912 μακρα
1242 842 1409 910 ἐστιν,
1450 843 1566 910 ἥτις
1606 843 1904 896 ανακλᾶται

217 924 304 978 ἐπὶ
356 926 456 993 τὴν
508 925 614 994 πρὸ
664 924 830 992 αὐτῆς
881 926 1163 992 συλλαβὴν
1210 923 1300 978 καὶ
1347 925 1482 976 κατὰ
1529 924 1906 995 ἀντιστροφὴν

217 1016 444 1060 νοεῖταιε
485 1037 557 1043 -
589 1006 630 1059 Ι
632 1006 705 1057 Μ

927 1151 1052 1223 Cap.
1078 1153 1193 1206 XV.

327 1273 416 1341 47,
441 1273 476 1324 4
528 1273 599 1334 ὡς
653 1273 718 1324 τὰ
766 1271 989 1340 ἐλεγεῖα.
1066 1274 1127 1325 τὸ
1157 1274 1281 1373 γὰρ
1329 1282 1550 1372 πρῶτον
1597 1272 1760 1342 μέρος
1806 1281 1905 1325 τοῦ

219 1353 461 1422 ἐλεγείου
509 1355 646 1421 πρὸς
693 1353 753 1405 τὸ
807 1355 1069 1422 δεύτερον
1109 1354 1208 1422 οὐχ
1248 1355 1453 1422 ἥνωται
1493 1374 1553 1407 εν
1592 1361 1666 1426 τῷ
1706 1353 1905 1426 μέτρῳ·

220 1438 342 1488 οἱον
381 1436 452 1503 μὴ
493 1436 792 1487 κοινωνίαν
833 1437 1043 1503 έχοντα,
1084 1434 1220 1487 ἀλλὰ
1261 1435 1608 1536 ασυναρτητα
1648 1437 1794 1488 ὄντα.

333 1515 531 1569 Ἰστέον
579 1516 640 1568 δὲ
690 1515 773 1569 ότι
822 1515 1170 1586 ἀσυναρτητα
1216 1518 1425 1584 γίνεται
1472 1518 1537 1569 τὰ
1584 1518 1762 1569 παντα
1809 1515 1892 1580 ξδ’
1896 1557 1907 1568 .

218 1599 284 1650 τὰ
342 1599 445 1668 γὰρ
505 1597 643 1650 ὀκτὼ
707 1596 876 1667 μέτρα
934 1607 1048 1660 τοῖς
1111 1597 1249 1650 ὀκτὼ
1312 1597 1552 1667 μέτροις,
1624 1598 1907 1651 τουτέστιν

219 1678 456 1745 ἑαυτοῖς,
507 1678 904 1745 ἐπιπλεκόμενα
951 1687 1097 1732 ποιεῖ
1142 1681 1206 1732 τὰ
1255 1677 1356 1742 ξδ’.
1440 1681 1653 1732 τούτων
1698 1681 1907 1747 γίνεται

219 1761 324 1813 ἀπὸ
379 1771 490 1813 τῶν
545 1759 826 1828 ἑξασήμων
879 1761 981 1828 μὲν
1029 1759 1116 1820 λς’
1163 1759 1364 1830 (ἑξάκις
1412 1763 1515 1830 γὰρ
1564 1762 1629 1813 τὰ
1677 1759 1729 1820 ς’
1777 1758 1907 1830 λς’),

220 1851 330 1894 τῶν
378 1842 438 1894 δὲ
484 1843 838 1909 τετρασήμων
884 1840 1134 1910 τέσσαρα.
1210 1843 1276 1894 τὰ
1314 1842 1446 1909 <δὲ>
1489 1844 1753 1910 λεγόμενα
1794 1839 1907 1894 ἐπι-

221 1924 466 1976 σύνθετά
499 1924 606 1975 εἰσι
637 1921 745 1990 κδ’,
780 1923 811 1974 ἃ
844 1923 932 1975 καὶ
959 1923 1096 1975 αὐτά
1129 1922 1242 1976 ἐστι
1275 1933 1386 1976 τῶν
1411 1923 1907 1993 ἀσυναρτήτων.-

218 2003 337 2077 ’Έτι
405 2005 540 2056 κατὰ
609 2004 852 2072 θάτερον
921 2006 1129 2073 τρόπον
1196 2005 1409 2057 τούτων
1476 2005 1736 2073 μονοειδῆ
1806 2003 1908 2069 μέν

221 2085 371 2138 ἐστιν
411 2085 550 2138 ὀκτώ
593 2082 898 2155 (μονοειδὲς
932 2083 991 2138 δὲ
1025 2085 1238 2154 λέγεται
1279 2085 1659 2154 ἀσυνάρτητον
1690 2079 1811 2137 οἷον
1843 2085 1904 2136 τὸ

222 2164 572 2236 ἐλεγειακόν),
620 2165 898 2234 ὁμοιοειδῆ
941 2164 999 2219 δὲ
1040 2167 1179 2219 ὀκτώ
1222 2160 1367 2237 (οἷον
1408 2168 1540 2220 ὅταν
1578 2168 1644 2219 τὰ
1685 2167 1906 2234 ἰαμβικὰ

221 2249 292 2316 μὴ
340 2247 517 2300 τέλεια
565 2249 697 2299 ὄντα
749 2251 1126 2316 χοριαμβικοῖς
1165 2247 1197 2315 ἢ
1239 2248 1682 2310 ἀντισπαστικοῖς
1721 2246 1907 2316 ἐπιφέ-

222 2496 251 2538 b
343 2442 509 2538 12ns3qq.
543 2437 655 2480 Mar.
675 2436 795 2479 Vict.
814 2437 877 2480 VI
904 2442 1002 2492 104,
1022 2442 1076 2480 30
1092 2452 1190 2493 sqq.
1227 2464 1280 2469 —
1315 2437 1483 2481 Caesar
1513 2437 1542 2480 i.
1576 2437 1604 2481 1.
1641 2438 1752 2480 aest.
1786 2437 1906 2479 Mar-

255 2511 353 2552 urg.
441 2501 466 2538 6

345 2655 365 2692 1
394 2650 655 2721 λειπούσης]
682 2649 1047 2706 ἐλαττομένηςΚ
1066 2653 1080 2707 ΙΙ
1106 2656 1130 2693 2
1156 2649 1407 2695 παίωνα-
1418 2649 1730 2706 πεντάσημον]
1753 2647 1906 2692 παίων

224 2707 310 2765 γάρ
352 2708 444 2751 ἐστι
484 2708 635 2763 τρίτος
675 2710 778 2752 ἀντὶ
812 2710 1001 2752 ἰωνικοῦ
1035 2708 1118 2752 ἀπ’
1150 2710 1390 2760 ἐλάττονος
1424 2710 1476 2752 K
1527 2713 1540 2764 Η
1594 2722 1676 2764 pro
1711 2713 1735 2751 3
1770 2707 1906 2751 ἑπτά-

226 2781 433 2823 σημον-
446 2773 471 2809 4
496 2767 748 2826 τροχαῖκήν
773 2768 916 2812 habet
935 2770 989 2811 K
1010 2769 1186 2824 μακρὸν
1211 2769 1296 2826 γάρ
1324 2769 1416 2813 ἐστι
1440 2768 1489 2812 τὸ
1514 2785 1599 2811 ταν
1618 2771 1631 2823 ΙΙ
1649 2772 1701 2810 12
1728 2767 1907 2811 scholia

224 2826 360 2868 huius
394 2827 560 2882 capitis
593 2841 684 2870 non
718 2830 826 2870 sunt
857 2827 948 2870 nisi
979 2828 1026 2870 in
1052 2830 1086 2870 Ι
1091 2830 1167 2879 M,
1202 2841 1438 2884 perpauca
1468 2826 1744 2882 praeterea
1732 2842 1781 2868 111
1806 2826 1907 2882 K²fl

228 2889 279 2927 17
313 2893 438 2928 ποιεῖ
469 2900 555 2928 om.
585 2888 645 2930 M
664 2890 678 2942 ΙΙ
706 2891 756 2928 19
789 2886 847 2929 τὰ
880 2886 1002 2945 <δὲ>
1030 2886 1197 2929 Caesar
1221 2889 1233 2943 ΙΙ
1259 2892 1310 2929 21
1346 2886 1463 2930 κατὰ
1497 2885 1676 2942 scripsi,
1708 2886 1786 2928 καὶ
1811 2887 1911 2929 ΙΜ

1936 445 2034 503 [87]

1940 2175 2024 2215 202
