2060 3168
677 185 743 225 111
775 184 919 225 ΠΕΡΙ
948 183 1320 225 ΕΠΠῘΛΟΚΗΣ
1738 179 1841 231 261

161 316 414 386 ἀλλήλων
460 325 660 371 τοῦτον
705 318 803 371 τὸν
847 319 1076 384 τρόπον·
1133 318 1326 385 τίθημι
1374 315 1575 385 μέτρον
1623 316 1848 368 ἰωνικὸν

160 398 266 451 ἀπὸ
307 401 555 468 μείζονος

307 498 530 564 βλαστεῖ
570 495 630 548 δ’
668 494 755 548 ἐπὶ
796 504 895 564 γῆς
935 494 1167 562 δένδρεα
1204 502 1445 567 παντοῖα
1479 494 1710 562 φύοντα.

159 599 323 646 τοῦτο
379 591 485 644 ἀπὸ
535 594 784 660 μείζονος
831 593 1056 645 ῑωνικὸν
1101 584 1465 660 τετράμετρον
1509 589 1848 660 βραχυκατά-

160 677 381 743 ληκτον·
422 673 639 743 ἀφαιρῶ
673 673 844 727 αὐτοῦ
877 675 976 742 τὴν
1007 674 1230 743 πρώτην
1261 673 1562 741 συλλαβήν,
1595 673 1656 725 τὸ
1689 691 1849 724 κατα-
1896 688 1915 721 5

160 756 489 822 λειπόμενον
528 757 739 822 γίνεται
778 755 1141 824 χοριαμβικὸν

310 861 426 904 στεῖ
465 851 525 904 δ’
564 851 649 904 ἐπὶ
690 860 788 920 γῆς
828 851 1060 920 δένδρεα
1098 859 1333 904 παντοῖα
1374 851 1604 918 φύοντα.

161 947 380 1017 ἀφαιρῶ
427 947 518 1001 καὶ
558 949 659 1016 τὴν
699 947 990 1018 δευτέραν,
1036 949 1097 1001 τὸ
1136 949 1604 1016 καταλειπόμενον
1643 947 1850 1014 γίνεται

163 1030 388 1083 ἰωνικὸν
426 1029 528 1082 ἀπ’
566 1029 868 1092 ἐλάσσονος

310 1125 397 1179 ἐπὶ
437 1135 535 1195 γῆς
576 1126 806 1196 δένδρεα
844 1135 1079 1179 παντοῖα
1119 1127 1350 1195 φύοντα.
1878 1139 1919 1173 ιο

6 1233 128 1289 (140)
161 1221 379 1292 ἀφαιρῶ
418 1224 508 1276 καὶ
548 1225 649 1292 τὴν
680 1225 888 1293 τρίτην,
927 1224 988 1276 τὸ
1028 1223 1490 1290 καταλειπόμενόν
1524 1220 1672 1274 ἐστιν
1705 1219 1853 1272 ἀντι-

162 1306 464 1357 σπαστικὸν
1790 1306 1795 1312 ’

310 1399 368 1453 πὶ
411 1409 511 1469 γῆς
551 1400 784 1470 δένδρεα
822 1410 1056 1455 παντοῖα
1096 1403 1326 1469 φύοντα.

162 1499 213 1550 εἰ
258 1494 317 1549 δὲ
365 1495 455 1550 καὶ
498 1498 600 1566 τὴν
645 1491 909 1566 τετάρτην
957 1497 1187 1568 ἀφέλῃς,
1235 1498 1312 1559 εἰς
1351 1497 1412 1550 τὸ
1454 1495 1684 1566 ἀρχαῖον
1724 1494 1854 1548 ἀνα-

163 1579 358 1647 δραμεῖ
395 1580 456 1632 τὸ
497 1578 602 1631 ἀπὸ
642 1581 891 1648 μείζονος
1879 1592 1920 1625 15

310 1683 409 1743 γῆς
448 1675 680 1744 δένδρεα
719 1685 954 1728 παντοῖα
993 1676 1226 1744 φύοντα.

161 1771 227 1823 οὐ
267 1773 441 1838 μόνον
481 1769 540 1824 δὲ
581 1771 642 1824 ἐν
680 1780 798 1834 ταῖς
836 1771 1260 1840 προειρημέναις
1299 1769 1676 1841 ἀφαιρέσεσιν,
1717 1768 1854 1822 ἀλλὰ

160 1851 250 1904 καὶ
292 1852 353 1906 ἐν
391 1852 767 1921 προσθέσεσιν
806 1854 861 1905 αἱ
900 1852 1292 1923 προειρημέναι
1325 1853 1588 1917 σώζονται
1630 1850 1854 1904 ἐπιπλο-

160 1936 275 2001 καί,
326 1935 387 1987 τὸ
429 1935 556 1996 (δὲ)
599 1937 789 2004 χαρίεν
827 1943 922 2003 τῆς
961 1935 1382 2003 παρατηρήσει-ὃς
1421 1933 1535 1986 ε’στι
1576 1940 1853 1986 τοιοῦτον·

162 2014 223 2069 ἐν
261 2014 364 2085 μὲν
401 2025 521 2079 ταῖς
560 2016 885 2084 ἀφαιρέσεσι
932 2017 1064 2083 μετὰ
1103 2016 1164 2068 τὸ
1209 2016 1436 2069 ἰωνικὸν
1474 2017 1684 2082 γίνεται
1722 2014 1854 2083 <τὸ>
1878 2030 1922 2062 20

161 2099 539 2166 χοριαμβικόν,
579 2092 694 2151 εἶτα
730 2099 860 2166 <τὸ>
900 2096 1000 2150 ἀπ’
1038 2096 1354 2166 ἐλάσσονος,
1395 2093 1510 2150 εἶτα
1542 2095 1674 2165 <τὸ>
1706 2095 1854 2166 ἀντι-

161 2181 487 2243 σπαστικόν,
543 2173 659 2232 εἶτα
713 2181 882 2232 πάλιν
927 2180 987 2232 τὸ
1044 2178 1149 2232 ἀπὸ
1196 2180 1465 2245 μείζονος·
1522 2177 1582 2229 ἐν
1630 2173 1690 2229 δὲ
1736 2184 1854 2237 ταῖς

161 2259 497 2329 προσθέσεσι
536 2262 596 2314 τὸ
645 2261 1094 2327 ἀντισπαστικόν,
1143 2253 1257 2313 εἶτα
1295 2260 1357 2312 τὸ
1399 2257 1499 2311 ἀπ’
1539 2258 1855 2325 ἐλάσσονος,

162 2335 278 2393 εἶτα
319 2342 379 2394 τὸ
420 2344 799 2441 χοριαμβισιιόν,
840 2338 955 2394 εἶτα
995 2342 1165 2395 πάλιν
1203 2342 1263 2394 τὸ
1306 2340 1411 2393 ἀπὸ
1452 2343 1712 2409 μείζονος.

282 2536 307 2574 8
342 2530 500 2575 Choer.
530 2536 630 2587 237,
651 2538 701 2575 11
717 2547 815 2588 sqq.
850 2537 949 2586 242,
971 2537 1025 2575 10
1044 2547 1141 2588 sqq.

283 2697 305 2735 7
333 2694 536 2751 βρύοντα
561 2694 727 2738 Nauck
753 2695 875 2748 (Lex.
887 2695 1023 2740 Vind.
1044 2697 1250 2755 XXXVI)
1277 2697 1379 2744 coll.
1400 2697 1550 2756 Epim.
1570 2699 1702 2744 Hom.
1722 2699 1809 2745 AO
1833 2700 1856 2744 Ῑ

162 2756 232 2804 96,
259 2756 284 2794 3
323 2755 338 2808 ΙΙ
379 2758 430 2795 11
467 2753 588 2797 ἐστιν
621 2768 708 2797 om.
737 2756 787 2798 X
816 2757 830 2811 ΙΙ
865 2759 917 2798 13
951 2754 1124 2811 δένδρα
1156 2760 1201 2802 A
1248 2761 1262 2815 ΙΙ
1307 2765 1361 2803 14
1394 2759 1453 2817 εἰ]
1489 2758 1570 2802 ἐὰν
1603 2759 1849 2819 Hoersch!

162 2811 242 2854 καὶ
271 2810 356 2867 τὴν
390 2813 443 2865 Y,
478 2826 565 2856 om.
594 2813 690 2881 XJ!
726 2818 897 2857 14—15
930 2815 1180 2873 ἀναδράμη
1212 2819 1257 2862 A
1281 2820 1295 2874 ΙΙ
1322 2823 1375 2861 18
1409 2819 1458 2863 ἐν
1490 2826 1592 2870 ταῖς
1623 2835 1699 2873 πρ.
1728 2820 1853 2924 17Ζὲ

165 2874 216 2912 19
251 2884 332 2926 pro
365 2869 527 2927 χαρίεν
560 2872 832 2917 dub1tanter
862 2888 991 2930 prop.
1025 2875 1255 2932 διαφέρον
1287 2877 1507 2922 Hoersch.
1544 2880 1558 2934 ΙΙ
1594 2882 1766 2922 20-21
1800 2895 1825 2923 τ

160 2930 233 2971 ter
257 2929 363 2972 add.
389 2929 607 2974 Hoerseh.
634 2934 647 2987 Η
673 2936 728 2975 22
753 2931 893 2976 πάλιν
918 2933 970 2986 Y,
1004 2947 1091 2977 om.
1121 2935 1170 2978 X
1192 2938 1206 2991 ΙΙ
1231 2941 1287 2979 24
1312 2936 1453 2982 πάλιν
1476 2937 1529 2981 τὸ
1558 2938 1611 2990 Υ,
1643 2936 1784 2981 πάλιν
1803 2939 1853 2982 Χ
