2060 3168
145 1077 186 1108 10

144 1483 184 1515 15

143 1890 185 1922 20

214 189 322 240 240
668 190 978 232 ΓΕΩΡΓΙΟΤ
1007 191 1447 233 ΧοΙΡοΒοΣΚοΤ

212 325 390 396 κτύλῳ
438 327 630 394 τυχόν,
678 326 848 394 μονὰς
895 325 1032 394 πρὸς
1081 325 1298 394 δυαδα.]
1377 324 1438 378 ἐν
1478 323 1536 378 δε
1577 334 1649 398 τῷ
1693 327 1897 398 δοχμίῳ

215 405 508 506 [ἐπίτριτός
562 405 676 459 ε’στι
732 405 821 459 καὶ
878 405 1148 474 συλλαβή]
1198 406 1505 475 εὑρίσκεται
1551 408 1584 476 ἡ
1633 408 1899 477 διαίρεσις

212 488 363 583 τριὰς
402 488 539 556 πρὸς
579 488 838 554 πεντάδα,
890 486 1072 539 οὐκέτι
1112 487 1272 555 ὀρθή.
1350 491 1511 551 οὑτος
1549 485 1652 542 οὗν
1692 489 1720 542 ὁ
1761 490 1899 559 ῥυθ-

211 570 311 635 μὸς
358 569 458 622 οὐκ
504 569 747 636 ἠδύνατο
795 568 967 638 ὀρθὸς
1014 572 1328 636 καλεῖσθαι,
1378 568 1493 622 ἐπει
1535 571 1700 624 δυάδι
1738 575 1897 625 πλεο-

213 659 493 702 νεκτεῖται.
572 648 777 717 ἐκλήθη
819 654 924 702 οὐν
964 651 1202 719 δόχμιος,
1244 650 1304 703 ἐν
1343 643 1380 722 ᾇ
1419 651 1479 703 τὸ
1512 659 1608 719 τῆς
1646 651 1898 721 ἀνισότη-

213 751 304 792 τος
354 734 537 797 μεῖζον
585 730 616 798 ἢ
663 750 797 783 κατα
845 732 946 799 τὴν
1001 733 1230 784 εὐθεῖαν
1282 734 1539 800 κρίνεται.
1627 732 1898 787 Ἐνταῦθα

213 808 316 864 οὖν
363 814 590 880 δόχμιον
640 812 865 882 ῥυθμόν
913 826 1084 881 φησιν
1132 816 1331 882 ἴαμβον
1370 812 1460 866 καὶ
1499 823 1714 867 παιῶνα
1752 825 1897 884 πρῶ-

211 914 326 961 τον,
366 892 651 946 τουτέστιν
692 891 750 946 ἐκ
791 895 1045 962 βραχείας
1083 893 1173 946 καὶ
1206 903 1414 963 μακρᾶς
1445 894 1536 948 καὶ
1568 904 1776 996 μακρᾶς
1807 897 1897 950 καὶ

210 984 380 1044 τριῶν
418 977 711 1043 βραχειῶν·
751 976 896 1038 τινὲς
935 977 1039 1045 γὰρ
1081 976 1224 1029 οὕτω
1264 985 1538 1045 μετροῦσι.
1616 977 1706 1029 καὶ
1745 975 1897 1030 ἔστιν

211 1056 242 1124 ἡ
283 1077 370 1108 ται
411 1057 657 1124 συλλαβὴ
700 1058 777 1118 εἰς
816 1058 916 1110 δύο
957 1059 1214 1126 βραχείας
1245 1057 1564 1127 λογιζομένη
1597 1066 1696 1111 τοῦ
1729 1069 1897 1111 παιῶ-

211 1158 330 1205 νος,
381 1137 474 1190 ἴνα
519 1137 580 1189 τὸ
629 1139 886 1203 μαίεται
931 1147 1147 1208 πρῶτος
1192 1139 1370 1191 παίων
1408 1142 1457 1207 ᾐ.
1535 1141 1594 1191 τὸ
1645 1136 1704 1192 δε
1743 1139 1896 1202 τέλος

210 1226 304 1286 τῆς
343 1217 600 1286 δευτέρας
639 1221 880 1287 χρήσεως
921 1218 1043 1273 ἀντὶ
1081 1228 1290 1289 μακρᾶς
1329 1216 1436 1288 έχει
1478 1221 1536 1272 τὸ
1577 1219 1730 1283 τέλος
1770 1224 1894 1274 λυό-

208 1320 378 1365 μενον
418 1301 494 1362 εἰς
535 1301 636 1352 δύο
677 1302 932 1369 βραχείας
970 1302 1059 1354 καὶ
1099 1310 1244 1353 ποιεῖ
1281 1302 1450 1353 πάλιν
1488 1304 1805 1355 παιωνικόν.

322 1379 432 1452 (32,
460 1379 552 1452 13)
594 1383 668 1434 Τὸ
701 1383 1035 1447 καλούμενον
1071 1385 1410 1436 Γλυκώνειον.
1447 1415 1513 1420 ———
1548 1385 1803 1450 Κωμικὸς
1835 1385 1895 1437 δὲ

209 1458 278 1529 ἧν
311 1462 338 1515 ὁ
375 1464 623 1530 Γλύκων,
665 1459 730 1516 οὗ
772 1462 861 1516 καὶ
903 1465 1082 1533 δρᾶμα
1121 1464 1346 1534 φέρεται
1383 1466 1626 1533 κωμικὸν
1658 1467 1709 1518 οἱ
1747 1467 1895 1534 Φρά-

209 1564 375 1612 τορες.

324 1624 522 1678 Ἰστέον
569 1622 671 1678 οὗν
713 1627 796 1679 ὅτι
842 1624 987 1689 τινες
1027 1627 1229 1696 εὕρεμα
1269 1642 1464 1697 φασιν,
1513 1627 1645 1697 ὅπερ
1687 1628 1753 1680 οὐ
1796 1630 1892 1681 δεῖ.
1927 1633 2046 1689 (187)

211 1706 417 1775 εἴρηται
457 1708 558 1774 μὲν
598 1709 699 1778 γὰρ
740 1706 829 1761 καὶ
871 1709 1096 1776 εὕρησις
1134 1709 1223 1760 καὶ
1264 1709 1496 1776 εὕρεσις,
1536 1708 1626 1761 καὶ
1667 1708 1896 1762 Ἀττικοί

209 1807 353 1850 τινες
395 1787 658 1854 ἑκατέρως
698 1791 888 1858 φασίν·
931 1786 1048 1841 ἔστι
1081 1790 1184 1857 γὰρ
1221 1790 1548 1859 σύγγραμμα
1579 1790 1724 1858 παρὰ
1761 1794 1892 1842 Θεο-

211 1870 435 1940 φράστῳ
475 1868 597 1937 περὶ
641 1871 932 1939 εὑρήσεως’
974 1869 1111 1921 ἀλλὰ
1151 1871 1240 1922 διὰ
1279 1878 1376 1923 τοῦ
1417 1878 1443 1922 ἒ
1484 1869 1544 1923 ἐν
1585 1872 1758 1942 ἰάμβῳ

358 1951 459 2018 οὐχ
500 1951 713 2020 εὕρεσις
751 1950 910 2004 τοῦτ’
947 1948 1115 2018 ἔστιν,
1156 1950 1283 2003 ἀλλ’
1321 1951 1609 2021 ἀφαίρεσις

328 2115 352 2153 2
388 2109 904 2186 ἐπίτριτος-συλλαβὴ
938 2112 1026 2154 del
1045 2111 1256 2167 Wes‘oph.
1284 2111 1386 2154 vide
1421 2112 1480 2154 ad
1514 2115 1686 2164 239,18
1730 2114 1735 2168 Ι
1787 2115 1892 2167 post

209 2167 467 2224 εὑρίσκεται
500 2170 605 2212 add.
641 2168 724 2214 οὖν
758 2172 812 2214 Κ
837 2173 850 2226 ΙΙ
882 2176 909 2212 4
943 2170 1088 2225 ὀρθὸς
1120 2170 1346 2226 Westph„
1381 2170 1562 2230 ὄρθιος
1576 2171 1708 2214 codd.
1745 2171 1750 2229 Ι
1795 2171 1891 2214 ἐπεὶ

209 2228 351 2272 δυάδι
385 2229 527 2284 Caes„
562 2229 718 2285 ἐπειδὴ
752 2229 924 2285 μοναδι
951 2231 1000 2283 U,
1034 2230 1130 2274 ἐπεὶ
1164 2229 1335 2285 μονάδι
1363 2231 1414 2273 Κ
1432 2232 1445 2286 Η
1471 2234 1495 2272 5
1530 2222 1622 2288 ᾡ]
1612 2229 1634 2274 ὸ
1663 2231 1736 2287 UH
1761 2234 1786 2272 8
1811 2231 1891 2273 καὶ

210 2296 388 2342 μακρᾶς
420 2303 506 2331 om.
536 2289 580 2332 U
603 2291 616 2344 ΙΙ
651 2293 703 2330 10
736 2286 766 2343 ή
796 2305 843 2332 τε
878 2290 934 2342 U,
970 2289 1025 2332 cf.
1060 2289 1210 2345 Heph
1255 2289 1260 2346 Ι
1303 2288 1478 2361 βραχέα
1513 2290 1566 2333 Κ
1591 2291 1605 2345 ΙΙ
1638 2294 1689 2332 11
1724 2292 1831 2345 pos‘c
1863 2285 1890 2347 ῂ

211 2347 315 2390 add.
346 2349 389 2392 U
413 2348 567 2391 κλύειν
600 2345 784 2402 μαίεται
808 2350 821 2403 ΙΙ
849 2353 901 2390 12
936 2349 1026 2406 ἔχει
1057 2349 1108 2391 τὸ
1141 2346 1266 2397 τέλος
1296 2346 1541 2405 λυόμενον]
1567 2350 1723 2391 ussrum
1748 2337 1890 2392 Choe-

209 2406 390 2449 robosci
435 2421 560 2449 error
607 2420 666 2448 an
713 2408 980 2462 corruptum
1029 2408 1110 2461 sit,
1158 2407 1258 2449 iure
1299 2407 1583 2450 dubitaveris
1632 2407 1704 2462 (cf.
1747 2408 1890 2450 essiam

211 2470 292 2507 239
299 2467 416 2522 ,11;>
451 2466 541 2522 ἔχει
574 2465 622 2509 ἓν
656 2467 802 2523 βραχυ
837 2465 916 2509 διὰ
948 2467 999 2510 τὸ
1025 2466 1150 2517 τέλος
1173 2465 1465 2522 λοςιζόμενον
1492 2465 1633 2520 Caes„
1667 2466 1758 2522 ἔχει
1782 2468 1889 2524 βρα-

209 2532 358 2581 χεῖαν·
396 2523 566 2579 κυρίως
598 2522 644 2569 δ’
674 2525 764 2580 εχει
795 2525 846 2568 τὸ
880 2525 1005 2574 τέλος
1035 2524 1261 2569 λυόιιενον
1293 2525 1526 2577 Hoersch„
1561 2526 1611 2569 τὸ
1643 2524 1769 2575 τέλος
1801 2525 1887 2568 dol.

209 2582 418 2639 Westph
445 2586 458 2640 ΙΙ
486 2589 538 2626 13
571 2583 711 2627 παλιν
743 2591 870 2627 ποιεῖ
898 2585 949 2628 τὸ
986 2585 1037 2626 Κ
1055 2587 1068 2639 ΙΙ
1096 2587 1222 2642 15,16
1257 2584 1486 2639 φάντορες
1519 2586 1562 2629 U
1586 2586 1599 2641 ΙΙ
1627 2589 1840 2636 17-241,
1865 2589 1888 2627 3

209 2642 324 2685 haec
373 2645 582 2697 spectare
620 2642 836 2685 videntur
884 2643 944 2685 ad
983 2643 1131 2699 Heph.
1171 2648 1250 2695 32,
1288 2649 1337 2685 11
1390 2643 1658 2699 ἐξευρήματι
1702 2645 1783 2685 aui:
1831 2644 1888 2686 ad

213 2706 265 2743 14
302 2701 536 2755 εὑρόντος,
577 2701 851 2744 vocabulum
891 2701 1066 2758 εὕρημα
1108 2702 1234 2758 apud
1273 2702 1420 2757 Heph.
1462 2702 1635 2758 legitur
1677 2707 1751 2755 17,
1779 2706 1802 2743 3
1845 2706 1890 2745 et

210 2764 280 2812 44,
295 2764 335 2813 5,
362 2763 646 2816 quapropter
668 2761 755 2804 hoc
780 2761 1036 2816 capitulum
1062 2762 1122 2804 ad
1143 2766 1247 2814 17,3
1271 2761 1565 2804 :referendum
1590 2774 1689 2803 esse
1711 2761 1889 2803 censuit

212 2818 499 2861 Schoemann
524 2822 537 2874 Η
565 2825 615 2861 17
650 2822 756 2875 post
789 2818 857 2863 ὅτι
890 2820 995 2862 add.
1030 2821 1239 2863 ἐνταῦθα
1269 2821 1338 2876 ΠΙ
1368 2819 1542 2875 εὕρημα
1569 2821 1622 2863 Κ
1641 2821 1653 2875 ΙΙ
1682 2824 1733 2862 18
1768 2819 1888 2876 εἴρη-

209 2894 284 2919 ται
318 2877 459 2930 Caes„
505 2878 692 2934 εὕρηται
726 2879 856 2921 codd.
887 2882 891 2933 Ι
921 2879 999 2921 καὶ
1033 2878 1233 2935 εὕρησις]
1269 2877 1445 2934 εὕρημα
1480 2880 1553 2934 Ul!
1579 2883 1633 2920 ‘20
1667 2877 1890 2933 εὑρήσεως

211 2935 353 2990 Caes„
387 2936 604 2991 εὑρέσεως
636 2938 767 2980 codd.
794 2939 807 2993 ΙΙ
833 2942 885 2979 21
918 2936 1046 2980 τοῦτ’
1076 2952 1162 2981 om.
1193 2939 1237 2982 U
