2060 3168
11 189 32 208 ι’
8 0 36 97 ’‘⁶-

8 840 22 861 ¹
76 866 128 906 15

0 1410 126 1474 firm)

594 154 672 195 IX.
698 154 740 195 X
770 154 916 195 ΠΕΡΙ
946 153 1411 196 ΑΝΑΠΑΙΣΤΙΚΟΤ
1748 152 1856 205 275

276 287 440 357 Περὶ
480 295 596 341 τοῦ
637 289 1082 355 λογαοιδικοῦ.
1154 288 1227 340 Τὸ
1268 288 1626 355 λογαοιδικὸν
1667 285 1726 341 δὲ
1767 289 1857 341 καὶ

164 369 298 422 αὐτὸ
353 368 415 422 ἐν
468 366 570 437 μὲν
623 379 742 432 ταῖς
795 371 986 432 ἄλλαις
1041 369 1242 438 χώραις
1298 369 1498 437 ὁμοίως
1550 370 1857 432 δακτύλους

163 447 298 520 ἔχει,
343 454 666 504 τελευταίαν
712 451 773 504 δὲ
811 451 1109 520 τροχαϊκὴν
1149 453 1437 518 συζυγιάν·
1486 449 1575 503 καὶ
1616 458 1715 503 τοῦ
1755 448 1857 520 μὲν

162 532 298 602 πρὸς
339 530 468 584 δυσὶ
510 533 800 595 δακτύλοις
840 533 1139 601 τροχαῖκὴν
1178 534 1398 601 ἔχοντος
1438 534 1724 599 συζυγίαν,
1764 552 1855 584 κα-

163 612 437 680 λουμένου
479 613 540 666 δὲ
569 611 870 678 Ἀλκαϊκοῦ,
910 614 1256 682 παράδειγμα
1295 615 1356 665 τὸ
1397 612 1537 683 (Alc.
1565 611 1660 684 69)
1901 632 1919 665 5

271 750 277 754 ,
309 696 403 748 καί
439 715 521 757 τις
560 693 653 748 ἐπ’
693 693 1031 764 ἐσχατιαῖσιν
1071 701 1238 758 οἴκεις
1278 693 1373 765 (=
1399 693 1615 765 Heph.).

161 785 261 830 τοῦ
295 777 357 829 δὲ
388 778 524 844 πρὸς
547 778 712 845 τρισί,
743 775 1091 845 καλουμένου
1120 775 1489 842 Πραξιλλείου
1515 776 1574 828 τὸ
1600 773 1779 846 (Prax.
1795 773 1854 847 5)

311 855 352 910 ὦ
395 858 486 910 διὰ
524 867 634 910 τῶν
675 859 931 928 θυρίδων
970 858 1142 910 καλὸν
1182 857 1529 926 ἐμβλέποισα,

308 938 555 1010 παρθένε
603 940 704 992 τὰν
749 940 1022 1008 κεφαλάν,
1070 941 1136 992 τὰ
1184 938 1243 992 δ’
1291 942 1488 1008 ἔνερθε
1536 939 1728 1008 νύμφα

1228 1028 1322 1093 (=
1352 1018 1570 1091 Heph.).
1880 1041 1922 1073 10

159 1102 192 1170 ἡ
234 1102 294 1154 δὲ
333 1103 591 1171 τροχαϊκὴ
641 1103 871 1169 συζυγία
919 1101 1164 1155 ἐνταῦθα
1204 1101 1236 1170 ἢ
1279 1103 1589 1172 διτρόχαιός
1629 1099 1781 1155 ἐστιν
1819 1100 1851 1169 ἢ

160 1181 433 1251 ἐπίτριτος
474 1183 744 1253 δεύτερος.

977 1301 1041 1354 Χ.

658 1404 822 1473 Περὶ
864 1405 1362 1459 ἀναπαιστικοῦ.

278 1509 350 1560 To
399 1505 458 1561 δὲ
506 1508 904 1562 ἀναπαιστικὸν
950 1510 1086 1562 κατὰ
1135 1511 1394 1563 διποδίαν
1439 1507 1541 1576 μὲν
1587 1511 1851 1577 βαίνεταις
1878 1530 1919 1562 15

158 1590 293 1643 κατὰ
345 1598 529 1642 πᾶσαν
584 1586 643 1642 δὲ
698 1591 882 1658 χώραν
930 1591 1143 1659 δέχεται
1191 1590 1508 1661 ἀδιαφόρως
1556 1593 1853 1644 σπονδεῖον

0 1676 126 1741 1178)
159 1672 250 1724 καὶ
304 1670 670 1738 ἀνάπαιστον,
732 1674 974 1735 σπανίως
1030 1673 1091 1725 δὲ
1154 1673 1242 1725 καὶ
1296 1675 1851 1742 προκελευσματικόν,

0 1807 27 1868 Τ

10 1898 25 2021 mn·
10 1876 21 1883 τ
10 1768 26 1827 5>ss

11 3001 26 3018 τ»-
10 2830 23 2991 ··*§<·-rr-···
10 2578 27 2814 †=·-v--·=*‘:⁸=-
23 2542 26 2548 .
8 2262 36 2530 ἥβῃ·-
9 2148 27 2253 Ὓ-ἡ-ῡτ
15 2127 21 2134 .„
12 2096 21 2114 τ
10 2056 19 2071 ·

157 1754 302 1822 παρὰ
343 1750 403 1805 δὲ
442 1761 557 1815 τοῖς
596 1755 1022 1820 δραματοποιοῐς
1060 1753 1150 1807 καὶ
1192 1754 1394 1822 ἴαμβον
1433 1755 1522 1806 καὶ
1563 1755 1851 1806 δάκτυλον.

157 1831 266 1903 ἔχει
300 1832 359 1887 δὲ
392 1833 482 1887 καὶ
516 1834 812 1897 ἀποθέσεις
845 1834 917 1904 ἕξ,
957 1836 1493 1904 βραχυκατάληκτον,
1533 1839 1849 1904 καταληκτι-

156 1917 256 1969 κὸν
287 1917 364 1978 εἰς
397 1919 696 1985 συλλαβήν,
727 1918 1122 1984 καταληκτικὸν
1155 1919 1231 1980 εἰς
1265 1918 1621 1985 δισύλλαβον,
1655 1916 1848 1969 ἀκατά-
1875 1938 1917 1970 20

157 2001 376 2066 ληκτον,
416 1998 898 2067 ὑπερκατάληκτον
930 2000 1006 2061 εἰς
1038 2001 1339 2066 συλλαβήν,
1371 1999 1851 2067 ὑπερκατάληκτον

157 2079 235 2140 εἰς
282 2079 636 2147 δισύλλαβον.
684 2111 757 2116 -—
804 2083 1135 2150 Λίμετρον
1185 2081 1284 2148 μὲν
1332 2081 1726 2148 καταληκτικὸν
1774 2081 1850 2142 εἰς

156 2163 462 2228 συλλαβήν,
505 2161 532 2213 ὃ
572 2161 663 2213 καὶ
702 2162 1068 2229 παροιμιακὸν
1107 2165 1374 2228 καλεῖται,
1422 2161 1482 2213 τὸ
1525 2159 1619 2231 (=
1650 2159 1847 2232 Heph.)

304 2244 434 2294 πότε
475 2241 534 2294 δ’
557 2239 801 2308 Ἄρτεμις
842 2242 943 2294 οὐκ
985 2242 1238 2311 ἐχόρευσε
1271 2241 1410 2313 (Par.
1440 2240 1524 2294 Gr.
1551 2240 1778 2313 11229);

304 2323 392 2375 καὶ
433 2324 700 2392 κόρκορος
740 2322 800 2376 ἐν
840 2324 1164 2392 λαχάνοισιν
1204 2321 1343 2394 (Par.
1372 2322 1457 2375 Gr.
1483 2322 1673 2392 1100).
1873 2344 1916 2377 25

155 2403 331 2474 τούτῳ
367 2404 427 2456 δὲ
460 2404 548 2456 καὶ
583 2407 858 2471 Κρατῖνος
891 2403 979 2457 καὶ
1005 2404 1310 2475 Ἀρχίλοχος
1344 2405 1657 2474 ἐχρήσαντο.
1714 2408 1847 2475 τρί-

155 2503 392 2554 μετρον
433 2481 492 2537 δὲ
531 2486 925 2552 καταληκτικὸν
965 2487 1040 2548 εἰς
1079 2489 1362 2555 συλλαβὴν
1401 2487 1461 2538 τὸ
1502 2487 1848 2554 καλούμενον

161 2568 454 2634 Σιμμίειον
493 2567 552 2618 τὸ

297 2644 464 2699 Ἰστία
506 2646 646 2714 ἁγνὰ
686 2646 773 2699 ἀπ’
807 2646 1067 2711 εὐξείνων
1106 2649 1243 2718 μέσα
1274 2652 1475 2717 τοίχων
1508 2646 1601 2719 (=
1631 2648 1845 2719 Heph.).

276 2797 300 2834 2
334 2792 588 2842 δακτύλους
619 2792 855 2845 Hom-soh„
894 2794 1173 2838 δακτυλικὸν
1206 2795 1338 2837 codd.
1380 2796 1393 2850 ΙΙ
1441 2798 1465 2835 6
1500 2794 1642 2845 οἰκεῖς
1675 2794 1806 2837 codd.
1832 2795 1846 2852 j}

159 2855 213 2893 14
245 2851 349 2904 περὶ
377 2853 427 2905 Ζ,
460 2852 566 2906 περὶ
597 2858 678 2894 τοῦ
703 2853 780 2907 ΥΙΙ
807 2857 858 2894 17
886 2853 964 2895 καὶ
991 2853 1108 2908 (alt.)
1135 2867 1207 2910 ap.
1231 2853 1380 2909 Heph.
1407 2854 1496 2896 DJ
1518 2855 1531 2909 ΙΙ
1559 2858 1611 2895 18
1637 2854 1715 2896 καὶ
1742 2852 1845 2909 ἴαμ-

157 2910 240 2966 βον
274 2923 347 2965 ap.
373 2909 522 2966 Heph.
551 2910 682 2954 codd.
711 2912 825 2955 HN
843 2914 857 2967 Η
882 2916 937 2955 29
965 2910 1069 2968 ἄγν’
1092 2912 1163 2955 vel
1189 2912 1276 2968 ἁγν
1301 2912 1432 2955 codd.
1463 2914 1470 2968 Ι
1499 2910 1782 2970 μεσατοίχων
1807 2913 1854 2955 Y

1493 2986 1577 3030 18*
