2090 3158
1 1073 87 1113 219

639 169 783 209 ΠΕΡΙ
813 166 1183 210 ΠΟΠ-ΙΜΑΤΩΝ
1214 167 1281 208 111
1703 165 1807 217 169

118 305 305 371 φόρως
353 304 400 355 εἰ
448 303 605 371 τύχοι
652 301 956 370 τριμέτρων
996 302 1098 354 δύο
1146 301 1235 353 καὶ
1284 299 1407 363 ἑνὸς
1446 300 1811 368 τετραμέτρου

117 385 206 436 καὶ
259 382 606 452 μονομέτρου
660 384 750 436 καὶ
798 381 918 452 ἑξῆς
972 383 1196 450 ὁμοίως,
1252 381 1665 451 ἀδιαφορούσης
1717 390 1812 450 τῆς

119 466 304 518 αὐτῶν
334 467 650 533 ποσότητος.
711 466 970 534 περίοδος
1002 465 1105 533 γὰρ
1144 464 1172 532 ἡ
1206 462 1264 516 ἐκ
1297 464 1586 532 διαφόρων
1617 465 1811 516 κώλων

117 547 409 615 περικοπή·

231 641 317 711 65,
347 642 414 694 15
448 642 521 704 ὡς
559 641 621 696 ἐν
652 649 727 714 τῷ
766 641 893 710 παρ’
931 641 1153 714 Ἀλκαίῳ
1188 640 1409 712 ᾄσματι]
1445 641 1813 704 άνταπόδοσις

121 725 223 794 γὰρ
265 727 473 792 γίνεται
515 726 900 793 συστηματική.

232 820 317 888 66,
343 820 376 872 3
419 818 574 872 ἑπτά
612 841 720 887 μοι
762 821 862 883 δὶς
893 820 1270 887 τριάκονταε
1310 827 1475 873 τοῦτο
1508 823 1814 874 παιωνικόν

121 901 252 970 ἐστι,
292 903 393 970 τὴν
432 903 655 972 πρώτην
695 903 782 955 καὶ
817 901 1083 971 δευτέραν
1115 904 1383 970 συζυγίαν
1414 899 1542 970 ἔχον
1575 916 1813 972 συνηρῃ-

119 983 292 1052 μένην
331 982 487 1036 ε’πτά
526 1004 634 1050 μοι
675 985 774 1047 δὶς
820 985 984 1054 τριά·
1027 981 1167 1054 (ἔστι
1208 984 1311 1051 γὰρ
1353 982 1381 1035 ὁ
1420 992 1636 1051 πρῶτος
1673 986 1814 1046 ποὺς

120 1066 214 1127 τὰς
260 1066 574 1127 τελευταίας
622 1066 872 1118 συνελὼν
911 1066 1000 1118 καὶ
1048 1066 1308 1134 κρητικὸν
1346 1067 1578 1134 ποιήσας
1618 1064 1676 1117 ἐκ
1715 1085 1814 1133 μα-

120 1155 253 1214 κρᾶς
292 1146 382 1199 καὶ
422 1149 680 1216 βραχείας
719 1147 810 1200 καὶ
850 1146 972 1200 ἀντὶ
1012 1156 1123 1200 τῶν
1163 1148 1265 1200 δύο
1302 1149 1574 1216 βραχειῶν
1605 1157 1814 1215 μακρᾶς

119 1226 291 1298 μαῖς’)
332 1229 364 1296 ἡ
406 1225 466 1280 δὲ
507 1231 661 1297 τρίτη
702 1229 790 1281 καὶ
830 1229 1055 1297 τετάρτη
1090 1228 1288 1295 ὁμοίως
1320 1226 1508 1297 ἔχουσι
1540 1229 1639 1281 τὸν
1669 1237 1815 1295 πρῶ-

120 1329 219 1363 τον
258 1311 473 1362 παίωνα
512 1330 712 1363 κοντα
751 1313 1062 1378 βασιλεὺς
1101 1311 1351 1379 σχεδόν.

234 1406 320 1474 66,
346 1406 379 1458 5
427 1407 780 1459 ὑπολείπεται
829 1408 890 1460 δὲ
941 1407 1092 1476 ἡμῐνε
1148 1408 1310 1476 μικτὰ
1355 1403 1458 1474 μὲν
1506 1402 1609 1459 οὖν
1649 1405 1814 1475 ἐστίν,

123 1488 155 1540 ἃ
202 1488 539 1555 παραβάσεις
584 1485 774 1558 ἔχουσι
820 1489 886 1541 τὰ
932 1489 1056 1555 τρία
1104 1486 1316 1558 ᾄσματα
1366 1487 1815 1556 <άπολελυμένα>

123 1571 187 1621 τὰ
226 1569 359 1638 <δὲ>
397 1568 633 1639 τέσσαρα
674 1571 734 1623 ἐν
773 1569 966 1639 σχέσει.

236 1665 322 1733 66,
350 1666 379 1718 7
414 1667 487 1729 ὡς
525 1671 582 1719 εἴ
613 1687 695 1730 τις
729 1669 830 1736 τὴν
860 1668 1084 1736 πρώτην
1115 1666 1287 1741 ᾠδὴν]
1322 1665 1548 1737 ἑκατέρα
1578 1667 1679 1734 μὲν
1711 1668 1814 1735 γὰρ

123 1757 234 1800 τῶν
273 1746 430 1819 ᾠδῶν
468 1750 602 1801 κατὰ
642 1749 891 1817 σύστημα
935 1749 1250 1818 γέγραπται,
1292 1749 1568 1817 διάφορον
1608 1745 1668 1800 δὲ
1708 1746 1816 1817 ἕχει

122 1828 346 1897 μέτρον,
395 1830 467 1892 ὡς
514 1831 546 1898 ἡ
594 1831 778 1899 πρώτη
825 1831 962 1899 πρὸς
1009 1832 1109 1899 τὴν
1156 1830 1444 1900 δευτέραν·
1500 1829 1531 1898 ἡ
1571 1829 1672 1896 μὲν
1711 1831 1816 1897 γὰρ

124 1912 308 1978 πρώτη
359 1909 416 1963 ἐκ
465 1919 563 1964 τοῦ
603 1920 910 1965 παιωνικοῦ
959 1913 1264 1979 σύγκειται,
1314 1912 1347 1980 ἡ
1388 1908 1449 1963 δὲ
1490 1910 1719 1978 δευτέρα
1759 1911 1818 1964 ἐκ
1843 1932 1860 1962 2

125 1999 223 2044 τοῦ
266 1990 744 2061 ἐπιχοριαμβικοῦ·
785 1994 836 2046 εἴ
872 2015 954 2057 τις
995 1990 1099 2047 οὖν
1137 1992 1342 2062 μίξειεν
1382 1991 1693 2062 ἀμφοτέρας
1724 1993 1819 2054 τὰς

125 2071 265 2144 ᾠδὰς
290 2074 459 2136 οὔσας
491 2076 912 2144 συστηματικάς,
944 2081 1087 2128 εἴποι
1114 2074 1183 2128 ἂν
1208 2075 1268 2128 τὸ
1301 2074 1503 2144 μέτρον
1529 2074 1587 2127 ἐκ
1611 2083 1818 2142 μικτῶν

125 2165 544 2223 συστηματικῶν
599 2163 946 2224 συγκεῖσθαι·
1002 2158 1091 2210 καὶ
1145 2154 1263 2210 ἔστι
1309 2164 1404 2225 τῆς
1452 2153 1554 2223 μὲν
1601 2157 1819 2225 πρώτης

126 2235 267 2308 ᾠδῆς
306 2236 442 2306 ἀρχὴ

203 2352 243 2408 ὦ
271 2354 399 2419 ”vag
428 2355 693 2410 Ἄπολλον
731 2367 835 2410 παῖ
869 2358 1085 2426 μεγάλω
1126 2360 1264 2420 Διός
1306 2356 1442 2428 (Alo.
1474 2355 1528 2427 l)

251 2574 271 2611 1
315 2571 422 2624 post
459 2569 709 2626 τριμέτρων
750 2569 855 2612 add.
892 2569 1040 2613 ὄντων
1072 2570 1283 2627 Westph.
1340 2572 1354 2626 ΙΙ
1409 2575 1433 2612 2
1466 2568 1820 2624 ἀδιαφορούσης

131 2628 308 2684 scripsi,
340 2626 615 2683 ἀδιαφόρως
647 2628 788 2684 οὔσης
821 2630 850 2671 Ι
859 2630 919 2672 M
939 2632 1002 2683 113
1037 2630 1191 2673 αὐτῶν
1221 2629 1365 2683 CaeS.‚
1399 2630 1542 2672 αὐτοῦ
1573 2629 1608 2671 Ι
1613 2629 1672 2670 M
1697 2630 1703 2683 Ι
1731 2628 1818 2670 κώ-

129 2687 239 2744 λων]
272 2689 432 2731 ποδῶν
458 2686 586 2731 Caes.
613 2691 626 2744 ΙΙ
653 2692 778 2734 10s11
815 2696 994 2743 μακρᾶς
1025 2690 1104 2732 καὶ
1130 2687 1352 2747 βραχείας
1377 2687 1520 2741 CaeS.‚
1554 2725 1578 2731 -
1596 2710 1626 2730 υ
1644 2725 1667 2730 -
1694 2687 1819 2730 IM*

133 2751 184 2788 11
212 2753 303 2790 τῶν
329 2761 416 2790 om.
438 2747 496 2789 M
518 2749 532 2802 fl
559 2752 612 2789 15
646 2745 696 2804 ἃ]
730 2760 789 2789 an
818 2748 878 2797 ὡς
910 2747 988 2791 oei?
1018 2751 1022 2803 Ι
1050 2749 1338 2806 παραβάσεις
1359 2746 1502 2800 Caes,
1535 2745 1820 2800 παραθέσεις

131 2806 230 2848 IM
270 2807 275 2860 Ι
318 2804 635 2861 ἀπολελυμένα
669 2807 775 2849 add.
803 2806 930 2850 Caes.
972 2810 986 2863 ΙΙ
1028 2812 1080 2850 16
1114 2807 1164 2852 δὲ
1197 2806 1394 2860 τέσσαρα
1427 2805 1570 2859 Caes„
1604 2803 1652 2849 δ’
1680 2807 1778 2849 IM
1807 2809 1820 2861 Η

134 2868 186 2906 19
221 2865 281 2915 ὡς
313 2865 401 2909 del.
435 2864 577 2907 Pauw
609 2867 624 2920 ΙΙ
657 2870 711 2907 20
751 2867 1032 2924 παιωνικοῦ]
1067 2866 1270 2910 debebat
1302 2866 1550 2910 ἐπιωνικοῦ
1583 2868 1597 2921 ΙΙ
1633 2870 1685 2908 21
1722 2865 1820 2908 ἐπι-

132 2925 435 2981 χοριαμβικοῦ
467 2922 697 2979 westph„
728 2927 1032 2983 χοριαμβικοῦ
1065 2925 1162 2968 IM

1839 1082 1881 1114 10

1841 1506 1881 1538 15
