2090 3158
0 779 13 811 Β

28 481 112 521 120

576 176 622 216 II
640 187 656 218 1
690 176 834 216 ΠΕΡΙ
864 174 1410 216 ΣΤΝΕΚΦΩΝΗΣΕΩΣ
1729 174 1830 226 107

146 309 223 364 ἑνὶ
266 309 383 380 μέν,
425 309 508 364 ὅτι
548 309 579 378 ἡ
622 310 933 379 συναλοιφὴ
973 310 1110 363 κατὰ
1145 311 1386 379 τρόπους
1427 308 1559 363 ἑπτὰ
1599 314 1833 378 γίνεται·

146 392 353 454 ἁπλοῦς
390 391 492 460 μὲν
531 400 676 461 τρεῖς

293 475 555 535 ὲκθλιψιν
595 475 716 525 οἱον
754 472 914 524 κατὰ
952 469 1110 541 ἐμοῦ
1150 470 1282 526 κατ’
1315 470 1496 541 ἐμοῦ,

291 562 490 624 κρᾶσιν
530 547 652 607 οἷον
691 555 762 606 τὰ
803 551 917 621 ἐμὰ
957 553 1148 622 τάμά,

293 639 615 704 συναίρεσιν
655 628 778 688 οἷον
818 636 1152 704 Νηρήϊδος
1193 635 1519 706 Νηρῇδος·
1879 663 1898 693 5

143 716 454 780 συνθέτους
493 713 554 770 δε
592 715 858 786 τέσσαρας

290 797 554 862 ἔκθλιψιν
591 807 790 867 κρᾶσιν
829 793 952 851 οἷον
990 798 1095 851 καὶ
1136 797 1256 867 ἐγὼ
1297 798 1495 866 κάγώ,

290 884 553 945 ἔκθλιψιν
595 883 919 951 συναίρεσιν
957 880 1030 943 ὡς
1068 881 1128 933 τὸ
1173 881 1234 932 οἱ
1278 881 1539 933 αἰπόλοι
1582 879 1830 953 ᾤ’πόλοι

1210 959 1459 1032 (Theokr.
1485 961 1510 1014 I
1536 960 1646 1032 80),

288 1055 486 1113 κρᾶσιν
526 1047 850 1114 συναίρεσιν
888 1043 959 1107 ὡς
998 1044 1059 1096 τὸ
1097 1041 1240 1112 ἐμοὶ
1280 1043 1602 1097 ὑποδύνει
1641 1043 1829 1111 ἐμού-
1855 1070 1897 1102 10

1206 1125 1506 1194 w066v5½

253 1204 518 1271 ἔκθλιψιν
562 1215 762 1276 κρᾶσιν
805 1208 1128 1276 συναίρεσιν
1167 1206 1240 1268 ὡς
1278 1204 1416 1276 παρ’
1453 1206 1728 1260 Εὐπόλιδι
1770 1206 1830 1260 ἐν

141 1293 343 1361 Χρυσῷ
387 1288 544 1342 Γένει
585 1287 670 1360 (fr.
695 1287 828 1359 285)

287 1369 377 1423 καὶ
418 1378 614 1432 σκεῦος
652 1367 820 1423 οὐδὲν
861 1365 1027 1440 εὗρον
1067 1369 1128 1423 ἐν
1165 1367 1453 1443 τῴκήματι.

139 1452 171 1520 ἡ
219 1452 320 1519 μὲν
368 1447 470 1505 οὗν
509 1453 821 1520 συναλοιφὴ
868 1453 1003 1504 κατὰ
1042 1452 1275 1514 τούτους
1315 1453 1443 1514 τοὺς
1481 1453 1744 1520 τρόπους,
1795 1452 1896 1520 ἡιῑ,

139 1531 200 1586 δὲ
248 1536 527 1603 συνίζησις
574 1534 655 1586 οὔ.
733 1534 822 1586 καὶ
867 1537 964 1602 μιά
1002 1533 1104 1602 μὲν
1143 1534 1384 1602 διαφορὰ
1425 1533 1575 1602 αὕτη.
1651 1534 1826 1602 κλοπὴ

140 1615 204 1668 δέ
247 1614 361 1668 ἐστι
409 1617 625 1685 χρόνων
672 1615 836 1683 αὕτη,
884 1616 1217 1684 γραμμάτων
1263 1619 1469 1683 κλοπῆς
1519 1616 1687 1684 οὔσης
1733 1623 1829 1683 τῆς

139 1700 505 1766 συναλοιφῆς·
561 1697 645 1750 ὅτι
699 1697 731 1765 ἡ
779 1694 880 1766 μὲν
933 1698 1247 1765 συναλοιφὴ
1295 1697 1369 1760 ὡς
1418 1697 1688 1766 γράφεται
1735 1695 1826 1749 καὶ

138 1780 403 1846 βαίνεται,
445 1771 567 1831 οἷον

643 1852 715 1915 ὣς
754 1850 948 1922 ἔφαθ’,
989 1854 1042 1906 οἱ
1082 1851 1142 1905 δ’
1181 1854 1306 1921 ἄρα·
1850 1879 1892 1910 20

141 1935 207 1988 οὐ
250 1936 351 2004 γὰρ
392 1934 704 2002 ὁλοκλήρως
742 1935 1007 2003 βαίνομεν
1047 1927 1168 1988 οἷον
1207 1934 1286 1997 ὣς
1325 1931 1551 2002 ἔφατο,
1592 1933 1720 1987 ἀλλ’
1756 1937 1828 1998 ὡς

139 2017 406 2087 γράφεται
454 2015 668 2085 ἔφαθ’.
746 2017 777 2084 ἡ
820 2017 880 2069 δὲ
919 2017 1335 2085 συνεκφώνησις
1376 2016 1688 2085 ὁλοκλήρως
1726 2013 1828 2083 μὲν

131 2099 423 2171 γράφεται,
462 2101 708 2166 βαίνεται
749 2098 810 2151 ὁὲ
850 2097 1098 2166 ἐλλιπῶς,
1140 2091 1263 2150 οἷον

138 2271 193 2310 25
212 2281 311 2323 sqq.
367 2266 483 2310 Mar.
501 2266 621 2309 vict.
640 2265 703 2308 VI
729 2270 806 2318 66,
826 2271 965 2322 5sqq.
1021 2265 1135 2309 Mar
1168 2265 1285 2309 Plot.
1313 2265 1375 2309 VI
1401 2270 1508 2320 453,
1534 2271 1574 2309 4.
1635 2266 1779 2309 Diom.
1806 2266 1826 2308 I

137 2330 236 2379 442,
258 2330 325 2369 15.
346 2330 415 2370 25.
436 2352 491 2358 -
511 2322 793 2380 συναλοιφαί
819 2324 973 2377 Quint
995 2329 1033 2377 9,
1050 2330 1091 2378 4,
1106 2330 1162 2368 36
1187 2327 1201 2381 ΙΙ
1229 2330 1282 2368 18
1308 2323 1467 2369 Choer.
1488 2302 1558 2378 54,
1577 2330 1765 2379 24-55,
1785 2331 1823 2368 3.

138 2385 307 2428 sehol.¹³
331 2384 427 2442 (lib
447 2384 504 2441 V)
532 2389 689 2439 22,13.
740 2384 940 2441 append.
968 2385 1028 2427 ad
1052 2384 1154 2427 Hel.
1180 2384 1303 2428 Mon.
1330 2385 1414 2428 AV
1441 2389 1523 2428 180
1550 2390 1574 2438 ἓ
1601 2389 1639 2428 3.
1683 2361 1823 2429 sch'ol

136 2444 185 2487 in
216 2444 350 2488 Dion.
377 2444 484 2488 Thr.
511 2449 610 2497 210,
632 2449 685 2487 10

256 2583 339 2620 2-
346 2583 400 2622 15
432 2578 678 2628 ἁπλοῦς-
698 2575 900 2631 τρόπους
931 2591 1018 2621 om.
1050 2578 1099 2621 D
1121 2579 1135 2633 11
1161 2582 1185 2619 3
1221 2577 1438 2630 ἔκθλιψις
1469 2579 1500 2620 Ι
1529 2579 1575 2620 et
1607 2577 1674 2621 sic
1706 2591 1826 2621 sem-

137 2651 219 2693 per
241 2639 255 2693 ΙΙ
281 2642 305 2680 5
338 2636 576 2694 Νηρηΐδες
603 2640 819 2694 Νηρῇδες
842 2638 874 2679 Ι
892 2639 906 2692 ΙΙ
932 2641 954 2678 7
991 2633 1092 2680 οἷον
1126 2637 1344 2691 ἔκθλιψις
1376 2637 1454 2679 καὶ
1487 2644 1649 2691 κρᾶσις
1680 2637 1742 2687 ὡς
1771 2637 1823 2681 τὸ

137 2694 224 2754 ἐγὼ
255 2698 382 2753 καγώ
407 2699 441 2740 Ι
471 2699 486 2754 ΙΙ
526 2701 551 2739 8
586 2698 632 2740 et
667 2701 718 2740 10
755 2709 839 2751 pro
873 2697 933 2747 ὡς
963 2696 1014 2739 τὸ
1047 2695 1095 2738 in
1128 2698 1162 2739 I
1186 2684 1288 2740 οἷον
1335 2698 1348 2751 Η
1399 2701 1449 2738 11
1486 2696 1552 2752 ἐμ.
1586 2695 1672 2754 frg.
1708 2710 1823 2740 eom.

138 2756 304 2812 suspic.
331 2755 519 2799 Wilam.
546 2758 560 2812 ΙΙ
587 2761 639 2799 12
672 2756 752 2799 καὶ
786 2753 1048 2811 συναίρεσις
1073 2756 1105 2798 Ι
1122 2757 1136 2811 ΙΙ
1163 2759 1216 2798 16
1241 2769 1325 2811 pro
1358 2772 1435 2799 και
1456 2782 1509 2787 -
1532 2759 1584 2798 18
1612 2758 1824 2800 συναλοι-

138 2822 257 2886 φῆς
268 2815 317 2858 in
349 2817 398 2859 D
437 2829 528 2859 non
568 2815 659 2858 nisi
691 2814 908 2868 δεύτερον
949 2813 999 2858 δὲ
1053 2816 1066 2870 ΙΙ
1123 2819 1174 2858 17
1210 2815 1260 2859 δὲ
1294 2814 1479 2870 scripsi,
1524 2814 1611 2870 γὰρ
1645 2815 1778 2859 codd.
1812 2816 1826 2840 “’

140 2878 192 2917 18
235 2871 304 2917 ὅτι
343 2876 468 2927 ΑΙ),
509 2874 575 2919 ἔτι
607 2876 638 2917 Ι
673 2871 761 2930 (ὅτι
786 2896 840 2910 =
867 2873 1016 2917 ἰστέον
1049 2873 1118 2917 ότι
1151 2874 1282 2930 Den.)
1337 2877 1350 2930 ΙΙ
1407 2880 1460 2917 19
1502 2872 1722 2929 φαίνεται
1753 2876 1824 2931 ΙΙΙ

137 2938 193 2976 20
227 2931 287 2984 ὣς
318 2947 404 2976 om.
440 2935 488 2978 D
519 2936 533 2990 Η
565 2937 739 2975 21-22
773 2932 1045 2989 οὐ-ἔφαθ
1076 2947 1163 2977 om.
1198 2933 1246 2976 D
