2090 3158
239 169 364 212 XXX
914 170 1250 211 PRAEFATIO

240 303 453 357 liorumB
507 308 657 370 paulo
713 307 908 356 diversa
963 301 1033 374 (p.
1077 308 1198 367 367,
1231 309 1315 355 27.
1381 309 1510 369 376,
1545 309 1627 356 34.
1692 309 1822 369 395,
1858 305 1926 370 1).

238 382 500 430 Librorum
537 382 574 429 I.
607 382 672 429 Π.
704 382 776 428 IV
815 384 950 430 certa
988 381 1199 444 vestigia
1238 398 1337 429 non
1377 381 1689 444 deprehendi.

351 450 408 521 4)
458 458 866 504 commentarium
915 454 1252 503 Choerobosci.
1328 456 1461 503 Nam
1507 457 1600 504 etsi
1644 457 1699 503 in
1743 455 1928 518 pedum

238 529 520 578 nominibus
554 530 855 591 explicandis
889 545 1014 590 quae
1047 529 1179 591 apud
1209 531 1474 591 utrumque
1502 532 1764 578 occurrunt
1793 529 1928 577 haud

239 605 338 652 scio
386 620 449 651 an
496 620 553 650 ex
600 605 848 652 communi
892 604 1030 650 fonte
1070 603 1350 664 deduxeris,
1397 603 1460 650 ad
1504 605 1669 665 ipsum
1717 602 1925 651 Choero-

237 679 439 727 boscum
478 678 701 725 ducimur
738 695 785 739 p.
822 678 943 738 368,
971 679 1052 724 17.
1095 678 1217 737 392,
1245 679 1327 725 14.
1371 678 1492 738 395,
1518 678 1602 725 26.

349 753 556 800 Restant
587 755 752 799 tamen
787 767 912 813 quae
952 767 1111 812 neque
1144 767 1202 798 ex
1235 752 1304 799 eis
1339 767 1465 812 quae
1498 753 1695 800 exstant
1725 751 1924 800 scholiis

238 825 506 874 derivanda
545 841 704 886 neque
745 826 952 873 Trichae
991 826 1092 886 ipsi
1128 825 1394 872 tribuenda
1433 827 1547 873 sint.

347 900 394 945 V
432 900 722 946 Extremum
759 899 922 947 locum
962 901 1179 947 concessi
1208 899 1488 963 fragmento
1521 899 1652 961 quod
1684 914 1742 946 ex
1775 896 1925 960 Oxy-

236 974 494 1035 rhynchi
539 989 767 1035 papyro
810 972 1000 1021 CCXX
1048 973 1307 1021 ediderunt
1347 972 1568 1021 Grenfell
1607 975 1661 1020 et‘
1695 972 1835 1020 Hunt
1872 974 1927 1020 in

236 1049 331 1095 vol.
364 1047 415 1094 II
453 1064 500 1108 p.
535 1047 768 1094 41—52.
847 1047 1167 1095 Examinavit
1203 1047 1330 1094 illud
1370 1047 1538 1094 dedita
1577 1063 1727 1108 opera
1756 1047 1925 1094 Fride-

234 1123 364 1169 ricus
395 1121 496 1168 Leo
527 1123 581 1168 in
613 1122 925 1183 „Nachricht
960 1121 1003 1168 d.
1039 1119 1261 1185 Gotting.
1289 1119 1397 1170 Ges.
1431 1121 1474 1168 d.
1500 1120 1677 1169 Wiss.“
1711 1137 1753 1168 a.
1782 1121 1922 1168 1899

235 1212 281 1256 p.
317 1196 624 1255 495—507,
663 1196 787 1242 mihi
825 1196 984 1242 multa
1021 1195 1367 1244 liberalissime
1406 1195 1745 1258 suppeditavit
1773 1194 1925 1242 Uda]-

235 1271 365 1316 ricus
413 1270 472 1317 de
511 1269 1238 1318 Wilamowitz-Moellendorff.
1286 1296 1358 1302 —-
1406 1268 1502 1325 Qui
1546 1269 1696 1317 verba
1738 1269 1927 1316 tradita

236 1343 494 1391 emendare
533 1344 613 1391 vel
652 1344 880 1405 supplere
918 1345 1076 1390 velint
1123 1344 1183 1390 ad
1225 1344 1490 1391 editionem
1527 1343 1803 1404 principem
1842 1343 1924 1390 ab·

234 1414 435 1480 legandi
473 1419 602 1478 sunt,
641 1433 730 1480 ego
769 1433 868 1465 non
907 1418 1004 1464 nisi
1043 1433 1212 1465 eorum
1249 1417 1362 1466 usui
1394 1419 1443 1465 et
1474 1416 1815 1465 commoditati
1851 1416 1925 1462 in-

236 1493 418 1539 servire
457 1492 606 1552 volui,
647 1493 734 1553 qui
771 1493 844 1539 rei
882 1493 1118 1539 metricae
1157 1492 1373 1539 student.

347 1565 720 1613 Testimonia
774 1581 833 1613 ex
886 1565 1085 1613 scholiis
1139 1566 1191 1612 in
1238 1565 1534 1627 Dionysium
1582 1565 1821 1612 Thracem
1876 1566 1926 1612 et

234 1639 597 1703 Hermogenem
635 1640 871 1687 confectis
920 1639 1188 1701 subscripsi
1227 1640 1328 1687 fere
1368 1641 1557 1699 omnia,
1605 1654 1662 1686 ex
1706 1639 1924 1686 metricis

233 1714 405 1761 latinis
439 1717 487 1761 et
527 1714 743 1774 antiquis
775 1716 1035 1775 poetarum
1067 1713 1279 1775 scholiis,
1311 1714 1450 1761 velut
1480 1713 1780 1774 Aeschyleis,
1811 1712 1923 1759 Ari-

235 1788 541 1849 stophaneis,
581 1787 877 1847 Pindaricis,
917 1803 975 1835 ea
1013 1788 1189 1850 selegi,
1238 1803 1364 1848 quae
1403 1788 1647 1851 gravioris
1686 1787 1925 1834 momenti

234 1861 544 1920 videbantur,
577 1862 763 1909 scholia
793 1861 1082 1922 recentiora,
1115 1877 1144 1909 a
1167 1861 1420 1908 Demetrio
1447 1861 1684 1908 Triclinio
1714 1860 1923 1922 aliisque

233 1936 512 1983 hominibus
544 1935 834 1997 Byzantinis
873 1935 1003 1996 ficta,
1046 1950 1248 1996 prorsus
1287 1935 1448 1982 reieci.
1523 1934 1665 1983 Alios
1706 1934 1805 1984 alia
1843 1933 1924 1980 hic

234 2010 312 2057 vel
353 2010 628 2057 desiderare
659 2010 739 2057 vel
773 2012 831 2056 ut
868 2010 1078 2058 molesta
1116 2009 1378 2071 repudiare
1411 2011 1795 2057 consentaneum
1835 2009 1920 2055 est.

346 2083 573 2144 Denique
621 2085 810 2146 gratias
859 2099 951 2146 ago
988 2083 1229 2131 maximas
1270 2099 1380 2130 cum
1420 2083 1759 2130 Maximiliano
1797 2081 1922 2142 Ihm,

237 2159 322 2218 qui
368 2158 606 2204 nonnulla
651 2174 813 2205 meum
865 2157 916 2204 in
954 2173 1100 2205 usum
1139 2173 1196 2204 ex
1234 2157 1374 2205 libris
1412 2157 1761 2218 manuscriptis
1800 2155 1920 2203 libe-

234 2232 475 2279 ralissime
517 2231 791 2293 descripsit,
827 2234 935 2278 tum
966 2231 1200 2279 Udalrico
1241 2231 1299 2278 de
1332 2230 1921 2278 Wilamowitz—Moellen-

236 2305 381 2364 dorff,
437 2307 544 2366 qui,
599 2321 708 2352 cum
755 2306 983 2368 plagulas
1030 2307 1272 2368 corrigere
1318 2321 1417 2352 non
1462 2304 1733 2366 fastidiret,
1786 2303 1922 2350 haud

234 2379 404 2440 paucis
445 2379 564 2426 locis
603 2379 847 2426 medelam
887 2379 1114 2426 adhibuit
1154 2381 1241 2426 aut
1270 2380 1406 2427 viam
1437 2379 1646 2426 sanandi
1677 2377 1919 2441 significa-

234 2454 320 2499 vit.
399 2452 515 2499 Alia
554 2454 676 2499 mihi
716 2453 1057 2514 suppeditavit
1089 2452 1362 2500 Guilelmus
1400 2452 1555 2513 Kroll,
1596 2452 1919 2499 amicissimus

235 2542 383 2574 meus.

346 2600 566 2647 Tandem
605 2600 812 2661 prodeat
850 2600 1069 2661 libellus,
1122 2617 1270 2661 quem
1310 2600 1520 2647 aliorum
1560 2598 1750 2647 schedis
1789 2612 1918 2656 usus,

235 2676 450 2721 muneris
477 2674 757 2722 scholastici
782 2674 1034 2721 laboribus
1059 2674 1279 2734 obrutus,
1304 2674 1511 2721 diversis
1536 2672 1711 2720 studiis
1736 2671 1918 2718 disten-

235 2750 314 2794 tus
355 2763 453 2794 non
491 2749 549 2794 ut
586 2748 722 2795 volui
760 2747 957 2809 perfeci,
999 2748 1083 2794 sed
1122 2750 1178 2794 ut
1217 2749 1370 2808 potui.

349 2850 630 2897 Scribebam
671 2850 812 2897 Halis
853 2850 1102 2898 Saxonum
1139 2865 1304 2897 mense
1343 2849 1603 2897 Decembri
1642 2865 1682 2896 a.
1720 2848 1874 2895 1905.
