2060 3168
678 154 746 194 111
776 154 922 195 ΠΕΡΙ
950 154 1324 196 ΕΠΙΠΛΟΚΗΣ
1741 152 1850 205 259

6 292 129 351 (138)
272 286 322 339 2.
363 284 439 338 ‘H
471 286 534 339 δὲ
571 288 904 355 τετράσημος
943 287 1177 356 δυαδικὴ
1219 288 1323 341 δύο
1364 285 1466 355 μὲν
1506 289 1623 355 εἴδη
1664 295 1851 358 γεννᾷ,

162 368 493 420 δακτυλικόν
532 388 589 420 τε
628 369 716 421 καὶ
758 368 1172 422 ἀναπαιστικόν·
1213 367 1304 422 καὶ
1346 370 1438 422 διὰ
1469 377 1634 422 τοῦτο
1673 373 1851 422 καλεῖ-

159 469 249 502 ται
296 450 530 517 δυαδικὴ
578 451 935 519 τετράσημος,
983 452 1128 503 διότι
1175 451 1265 503 καὶ
1313 449 1340 503 ὁ
1382 451 1652 513 δάκτυλος
1689 450 1780 503 καὶ
1821 449 1849 503 ὁ

160 530 495 593 ἀνάπαιστός
528 532 633 584 εἰσι
664 532 1011 600 τετράσημοι·
1043 535 1286 585 καλεῖται
1319 529 1499 590 δὲκαὶ
1533 532 1850 600 ὀκτάσημος,

162 613 210 665 εἰ
255 613 392 664 κατὰ
431 614 695 680 συζυγίαν
733 623 1031 681 μετρεῖται,
1078 614 1166 666 καὶ
1214 615 1463 680 βαίνοιτο
1504 614 1577 676 ὡς
1614 614 1680 666 τὰ
1719 613 1848 666 ἀνα-
1897 634 1917 667 5

157 694 428 746 παιστικά.
482 725 555 730 -
613 692 980 747 Ἐπιπλέκεται
1035 695 1096 748 δὲ
1150 695 1406 763 ἀλλήλοις
1458 696 1525 747 τὰ
1579 695 1697 763 εἴδη
1751 695 1850 747 τὸν

158 776 365 843 τρόπον
403 782 627 827 τοῦτον·
670 778 805 828 ἔστω
846 779 1029 876 στίχος
1068 776 1196 838 ὅλος
1235 777 1561 838 δακτυλικός
1602 774 1645 846 (ι
1678 774 1775 846 39)

312 855 544 909 Ἰλιόθεν
582 876 647 922 με
688 856 878 927 φέρων
917 859 1115 924 ἄνεμος
1156 860 1455 910 Κικόνεσσι
1494 856 1745 910 πέλασσε.

156 937 357 991 τούτου
405 939 600 991 τοίνυν
645 939 869 1007 πρώτην
914 939 1132 1007 ἀφαιρῶ
1183 940 1465 1007 συλλαβὴν
1510 937 1602 991 καὶ
1641 939 1701 991 τὸ
1743 944 1849 992 λει-

156 1021 399 1085 πόμενον
440 1021 651 1087 γίνεται
690 1019 1107 1073 ἀναπαιστικόν·
1873 1042 1916 1074 10

306 1103 502 1154 λιόθεν
541 1121 606 1167 με
646 1101 834 1170 φέρων
874 1103 1073 1171 ἄνεμος
1114 1104 1413 1155 Κικόνεσσι
1452 1101 1704 1154 πέλασσε.

156 1180 246 1234 καὶ
286 1178 356 1234 αὖ
404 1184 571 1235 πάλιν
619 1182 715 1235 ε’ἀν
753 1184 848 1246 τὰς
889 1181 1007 1252 ἑξῆς
1054 1182 1238 1252 ἀφέλω
1279 1186 1534 1254 βραχείας
1573 1183 1677 1235 δύο
1718 1187 1848 1235 συλ-

157 1264 342 1331 λαβάς,
384 1267 593 1332 γίνεται
634 1266 986 1318 δακτυλικόν·

305 1344 410 1397 θέν
449 1365 514 1414 με
554 1345 740 1415 φέρων
780 1347 979 1414 ἄνεμος
1018 1349 1317 1399 Κικόνεσσι
1356 1345 1640 1399 πέλασσεν.

155 1425 245 1479 καὶ
294 1423 363 1479 αὖ
411 1428 580 1479 πάλιν
627 1429 761 1480 κατὰ
799 1429 901 1496 τὴν
941 1427 1116 1497 ἀρχὴν
1155 1427 1252 1481 ἐὰν
1297 1433 1529 1496 προσθῶ
1573 1427 1675 1480 δύο
1714 1429 1844 1497 βρα-
1872 1450 1914 1483 15

155 1510 318 1576 χείας,
359 1507 755 1562 ἀναπαιστικὸν
791 1510 852 1562 τὸ
895 1504 1041 1572 εἶδος
1079 1511 1311 1577 γίνεται·

306 1589 394 1642 ὅτε
413 1589 651 1643 Ἰλιόθεν
674 1610 739 1658 με
766 1590 953 1660 φέρων
974 1592 1174 1656 ἄνεμος
1191 1592 1490 1643 Κικόνεσσι
1514 1590 1763 1643 πέλασσε.
1779 1622 1840 1628 -

165 1672 237 1724 Τὸ
286 1671 417 1724 αὐτὸ
466 1673 527 1724 δὲ
572 1681 719 1724 ποιεῖ
764 1673 853 1724 καὶ
900 1673 1094 1741 πάσχει
1134 1672 1194 1725 τὸ
1235 1671 1654 1739 ἀναπαιστικόν,
1701 1673 1847 1740 πλὴν

156 1753 239 1806 ὄτι
286 1754 381 1814 τὰς
429 1754 530 1806 δύο
570 1755 826 1822 βραχείας
871 1753 998 1807 κατ’
1036 1753 1211 1822 ἀρχὴν
1250 1753 1565 1822 ἀφαιρεῖται
1604 1752 1637 1820 ἢ
1677 1767 1845 1819 προσ-

154 1836 366 1887 τίθεται
413 1837 510 1903 μία
557 1836 747 1904 μακρά.
826 1836 911 1888 δεῖ
962 1831 1065 1887 οὖν
1113 1849 1173 1888 σε
1214 1835 1346 1887 ὅταν
1393 1835 1674 1907 λαμβάνῃς
1713 1835 1840 1886 δυα·
1869 1858 1913 1889 20

155 1917 318 1984 δικὴν
369 1917 732 1984 τετράσημον,
797 1916 893 1970 ἐὰν
946 1913 1048 1984 μὲν
1101 1917 1318 1985 μακρὰν
1372 1916 1651 1985 εὑρίσκῃς,
1712 1917 1845 1982 μίαν

154 1997 432 2065 ἀφαιρεῖν,
472 1996 570 2051 ἐὰν
609 1995 669 2050 δὲ
709 2000 982 2067 βραχείας,
1023 1998 1148 2050 δύο·
1188 1996 1278 2050 καὶ
1312 1997 1513 2064 ὁμοίως
1550 1997 1844 2064 προστιθέ-

155 2099 246 2132 ναι
286 2077 348 2132 ἐν
387 2079 524 2149 ἀρχῇ
565 2080 667 2132 δύο
711 2082 969 2149 βραχείας
1007 2078 1141 2148 <ἐάν
1178 2079 1394 2148 μακρὰν
1434 2078 1707 2148 εὑρίσκῃς,
1745 2099 1843 2145 μα-

153 2160 318 2227 κράν,
374 2160 468 2212 ἐὰν
522 2161 626 2213 δύο
681 2162 986 2230 βραχείας>.
1080 2160 1243 2229 [ἀλλὰ
1297 2161 1406 2229 μὴν
1460 2158 1557 2212 ἐὰν
1610 2165 1842 2228 προσθῶ

274 2341 296 2380 1
333 2335 506 2379 eschol.A
533 2341 632 2391 127,
651 2341 689 2380 6.
720 2341 964 2392 131‚1sqq.
1001 2335 1160 2380 Choer.
1188 2341 1288 2390 231,
1309 2340 1377 2379 13.
1412 2340 1512 2389 233,
1531 2339 1599 2378 22.
1633 2335 1725 2379 Ioa.
1753 2334 1841 2378 Sic.

153 2394 276 2439 RhG
300 2394 363 2438 VI
387 2400 487 2448 237,
507 2400 680 2439 26-30
719 2398 733 2452 ΙΙ
774 2400 799 2438 5
833 2395 1007 2439 schol.A
1031 2400 1129 2450 127,
1149 2399 1286 2449 7—83
1320 2394 1376 2438 cf.
1403 2394 1479 2438 Ar.
1507 2393 1661 2447 Quint.
1689 2398 1760 2449 33,
1786 2398 1842 2438 29

273 2556 298 2594 5
341 2550 830 2595 καὶ-ἀναπαιστικα
873 2550 1070 2594 fortasse
1111 2551 1309 2595 delenda
1350 2551 1457 2593 sunt
1509 2552 1523 2604 ΙΙ
1578 2555 1602 2593 6
1643 2548 1700 2593 τὰ
1739 2548 1839 2605 εἴδη

152 2608 388 2665 Hoersch„
422 2611 514 2654 αἰεὶ
547 2612 605 2663 A,
647 2610 719 2654 ἀεὶ
753 2610 850 2653 rell.
898 2612 913 2665 Η
962 2615 1015 2653 15
1047 2611 1145 2668 καὶ]
1180 2609 1205 2666 ἢ
1240 2611 1371 2654 codd.
1420 2612 1434 2665 Η
1484 2614 1535 2652 19
1569 2609 1843 2664 ἀφαιρεῖται

154 2668 339 2724 scripsi,
379 2669 650 2724 ὑφαιρεῖται
689 2670 821 2712 codd.
877 2672 891 2726 ΙΙ
946 2674 1000 2711 22
1034 2669 1267 2714 δύο-23
1301 2666 1539 2742 βραχείας]
1580 2668 1692 2739 δύ,ο
1729 2666 1840 2724 μίαν

14 2721 26 2785 ἦ
152 2726 459 2781 προστιθέναι
493 2727 676 2784 μακρὰν
710 2729 755 2771 Y
795 2731 810 2783 ΙΙ
850 2733 904 2770 23
938 2728 1092 2772 ἐὰν-
1114 2734 1170 2772 24
1202 2726 1424 2786 βραχείας
1456 2727 1633 2780 addidi,
1667 2724 1695 2782 ἢ
1728 2725 1840 2783 μίαν

154 2786 337 2842 μακρὰν
369 2787 475 2830 add.
502 2787 720 2831 Hoersch
751 2790 756 2842 Ι
784 2788 863 2831 καὶ
896 2804 1014 2831 ουτω
1049 2802 1135 2841 σοι,
1163 2788 1215 2832 τὸ
1247 2788 1330 2844 μὲν
1363 2786 1639 2830 δακτυλικὸν
1665 2784 1841 2842 γίνεται

16 2853 23 2875 ’
153 2844 508 2899 ἀναπαιστικόν,
532 2847 582 2890 τὸ
608 2846 658 2890 δὲ
683 2846 1022 2890 ἀναπαιστικὸν
1047 2845 1324 2891 δακτυλικόν
1350 2847 1456 2889 add
1478 2846 1524 2889 Y
1540 2847 1553 2901 ΙΙ
1580 2850 1634 2889 24
1659 2845 1840 2889 ἀλλὰ-

24 2910 28 2916 ’
155 2907 255 2959 260,
274 2909 299 2947 2
331 2903 526 2949 πέλασσε
559 2920 645 2949 om.
676 2906 727 2959 Y,
763 2905 869 2949 secl.
896 2905 1115 2950 Hoersch.

1488 2979 1571 3021 17*
