2090 3158
604 165 667 205 IX
687 175 772 207 1-3
805 166 950 206 ΠΕΡΙ
979 162 1478 205 ΑΝΤΙΣΠΑΣΤΙΚΟΤ
1782 160 1884 212 143

309 297 396 365 32,
424 297 493 349 10
531 296 957 351 ἁντισπαστικὸν
999 295 1389 367 ἑφθημιμερές,
1430 296 1458 349 ὃ
1499 299 1740 348 καλεῖται
1782 299 1885 348 Φε-

198 379 516 449 ρεκράτειον
553 381 744 433 ποδῶν
784 379 973 433 ἁπλῶν
1004 387 1174 449 τριῶν
1214 378 1304 431 καὶ
1344 379 1619 446 συλλαβῆς

554 462 752 531 ἄνδρες
790 463 1086 530 πρόσσχετε
1126 460 1226 512 τὸν
1265 466 1404 512 νοῦν
1684 490 1753 497 —-
1778 458 1888 512 AG

82 551 165 591 186
309 542 492 610 32,10
546 540 605 595 ἐκ
653 545 990 613 Κοριανοῦς·
1045 542 1116 605 ὡς
1169 541 1307 593 κατὰ
1359 540 1573 596 ἁπλοῦν
1628 536 1687 592 δε
1742 540 1884 592 πόδα

65 629 161 688 [62]
194 627 419 692 βαῖνον,
477 622 848 726 ἔφθημιμερὲς
903 629 1134 694 εἰρηται·
1187 625 1300 675 ἔστι
1350 619 1410 675 δε
1456 623 1648 675 ποδῶν
1694 621 1884 674 ἁπλῶν
1930 643 1949 677 5

194 715 366 775 τριῶν
404 704 495 758 καὶ
535 709 833 775 συλλαβῆς·
878 704 992 759 ἔστι
1033 705 1094 758 δὲ
1134 703 1162 757 ὁ
1203 713 1416 771 πρῶτος
1454 705 1595 766 ποὺς
1632 702 1886 772 τέταρτος

194 785 466 853 ἐπίτριτος
519 786 578 840 ἐκ
633 797 802 857 τριῶν
855 796 1080 856 μακρῶν
1125 784 1212 839 καὶ
1267 788 1523 854 βραχείας
1568 783 1884 853 ἤτοι-ἀντί-

195 883 454 937 σπαστος,
495 864 609 921 εἶτα
651 871 846 938 ἴαμβος
885 867 975 921 καὶ
1016 869 1284 936 συλλαβήε
1325 898 1394 903 -
1426 865 1604 918 DIM

308 950 395 1019 32,
423 950 491 1003 15
533 950 585 1013 ἐξ
628 949 1001 1003 ἁντισπάστου
1041 947 1131 1002 καὶ
1173 949 1276 1002 δύο
1319 948 1552 1016 ἰάμβων·
1592 947 1624 1015 ἡ
1664 948 1768 1016 γὰρ
1801 966 1882 999 τε-

193 1033 421 1084 λευταία
460 1035 692 1100 συζυγία
731 1033 1004 1100 διιάμβος,
1043 1029 1412 1098 ἀκατάληκτος
1452 1027 1526 1082 δέ.
1569 1061 1636 1066 —
1678 1028 1744 1082 οὐ
1777 1030 1881 1096 γὰρ
1908 1051 1950 1083 10

192 1113 283 1166 καὶ
321 1114 572 1182 πρόσθεν
610 1133 662 1165 τι
702 1118 932 1182 εἰ’ρηται;
972 1143 1045 1150 —
1068 1111 1125 1164 D

304 1194 390 1262 32,
415 1194 487 1246 20
534 1195 667 1263 μετὰ
716 1194 978 1247 διποδίαν
1017 1193 1263 1262 συλλαβὴ
1304 1191 1392 1246 ἐπὶ
1432 1202 1543 1246 τῶν
1580 1192 1882 1261 ὑπερκατα-

193 1278 406 1344 λήκτων
469 1275 799 1344 εὑρίσκεται·
864 1274 1008 1329 εἰσὶν
1062 1270 1166 1328 οὖν
1224 1275 1326 1326 δύο
1382 1274 1737 1327 ἁντίσπαστοι
1791 1274 1881 1326 καὶ

192 1359 460 1426 συλλαβῆς
502 1389 569 1394 -
604 1357 708 1410 DI

75 1447 157 1487 187
304 1438 391 1507 33,
416 1441 448 1492 3
490 1438 916 1492 ἀντισπαστικὸν
946 1440 1237 1507 τρίμετρον
1267 1440 1679 1506 καταληκτικόν,
1719 1438 1747 1490 ὃ
1788 1457 1877 1490 κα·
1907 1458 1946 1491 15

60 1526 157 1586 [63]
192 1523 364 1573 λεῖται
415 1522 768 1573 Φαλαίκειον·
818 1519 1029 1588 δέχεται
1078 1516 1138 1572 δὲ
1179 1519 1277 1572 ἕνα
1316 1519 1709 1586 ἀντίσπαστον,
1760 1521 1880 1588 ἤτοι

191 1600 453 1671 τέταρτον
492 1601 786 1672 ἐπίτριτον,
826 1602 916 1654 καὶ
955 1610 1101 1671 τρεῖς
1142 1601 1373 1670 ῑαμβους
1410 1621 1500 1654 και
1534 1604 1838 1670 συλλαβήν·

724 1681 864 1752 χαῖρ’
905 1678 945 1734 ὦ
985 1685 1331 1752 χρυσόκερως

191 1764 280 1816 καὶ
315 1765 386 1816 τὰ
427 1763 566 1832 ἑξῆςε
608 1796 676 1802 -—
709 1763 893 1816 DIM

303 1845 389 1914 33,
418 1845 446 1896 7
490 1845 919 1898 ἁντισπαστικὸν
955 1848 1248 1915 τρίμετρον
1288 1845 1678 1915 ἁκατάλ-ηκτον,
1719 1844 1747 1898 ὃ
1787 1866 1879 1899 κα-
1904 1867 1946 1899 20
2036 1856 2039 1858 ’

191 1930 363 1980 λεῖται
415 1925 870 1995 Ἀσκληπιάδειον·
926 1924 1042 1980 ἔστι
1090 1924 1151 1980 δὲ
1197 1929 1388 1980 ποδῶν
1427 1927 1615 1980 ἁπλῶν
1655 1925 1733 1995 ἕξ,
1780 1929 1880 1996 τὴν

188 2011 507 2061 τελευταίαν
545 2011 722 2077 μόνην
753 2006 881 2077 ἔχον
915 2010 1190 2078 ἰαμβικήν,
1231 2010 1332 2078 τὴν
1365 2011 1781 2079 λεφαντίναν.
1806 2041 1878 2046 -

188 2090 325 2159 πρὸς
371 2090 431 2142 τὸ
481 2090 592 2142 ἄνω
643 2091 704 2143 δὲ
750 2090 810 2142 τὸ
859 2091 926 2143 τὸ
974 2087 1090 2158 μὲν
1137 2092 1637 2159 καταληκτικόν,
1693 2092 1761 2143 τὸ
1810 2087 1878 2143 δὲ

190 2171 637 2239 ἀκατάληκτον
699 2171 935 2240 ἐπήγαγε
996 2172 1057 2224 τὸ
1119 2169 1589 2241 Ἀσκληπιάδειον,
1654 2170 1712 2225 ἐκ
1773 2173 1876 2225 δύο

189 2253 460 2321 τροχαίων
512 2251 601 2306 καὶ
658 2253 1031 2306 ἀντισπάστου
1085 2252 1175 2306 καὶ
1224 2253 1326 2306 δύο
1375 2254 1587 2323 ἰάμβων
1634 2256 1875 2307 τελείων·
1902 2273 1942 2306 85

310 2388 334 2425 3
368 2397 454 2427 om
485 2385 522 2429 Ο
553 2385 558 2440 1
587 2382 830 2442 προσέχετε
863 2386 907 2428 Α
935 2384 940 2442 Ι
969 2384 1055 2427 hoc
1088 2383 1297 2427 scholion
1328 2384 1546 2427 ultimum
1578 2384 1627 2426 in
1659 2385 1761 2429 AG
1825 2384 1875 2426 In

192 2442 228 2487 Ο
267 2444 511 2498 praeterea
555 2443 746 2486 additae
792 2445 898 2486 sunt
938 2443 1025 2486 hae
1069 2443 1252 2500 glossae
1290 2443 1444 2487 interl.
1487 2443 1547 2486 ad
1587 2448 1745 2496 32,10
1784 2451 1876 2487 τῶν

189 2502 418 2559 βραχειῶν
450 2503 554 2546 ἀντὶ
586 2509 787 2558 μακρᾶς,
831 2502 891 2545 ad
925 2507 1001 2555 32,
1029 2459 1100 2546 20g
1117 2502 1234 2562 (καὶ
1265 2499 1464 2561 κνίσση)
1498 2501 1782 2559 ὃιτρόχαιος,
1815 2503 1875 2546 ad

190 2565 259 2614 33,
279 2567 304 2603 3
338 2559 501 2619 (χαῖρ’
522 2557 556 2604 ὦ
589 2560 910 2620 χρυσόκερως)
937 2559 1166 2617 ἐπίτριτος
1188 2561 1403 2616 τέταρτος
1426 2564 1440 2618 ΙΙ
1463 2568 1490 2605 4
1516 2562 1566 2606 ἐκ
1591 2563 1874 2620 Κοριανοῦς]

189 2619 245 2662 cf.
279 2619 428 2676 Heph.
461 2635 506 2676 p.
534 2625 602 2673 55,
622 2625 646 2663 9
681 2622 694 2676 ΙΙ
727 2626 751 2663 6
794 2620 887 2664 ἔστι
919 2619 971 2665 δὲ
1003 2635 1089 2664 om.
1116 2621 1165 2664 D
1197 2623 1211 2678 ΙΙ
1245 2625 1267 2663 7
1304 2620 1424 2678 ἤτοι]
1459 2617 1556 2665 εἶτα
1588 2621 1636 2664 D
1661 2623 1675 2677 ΙΙ
1702 2625 1871 2664 10—11

187 2693 255 2721 w.
283 2695 337 2722 ου
356 2705 411 2711 -
430 2679 608 2735 εἴρηται
640 2682 850 2736 spectare
875 2679 1092 2723 videntur
1124 2680 1184 2723 ad
1217 2684 1362 2734 32,14
1388 2680 1632 2731 Γλύκωνος
1659 2677 1876 2735 εὑρόντος

189 2737 302 2782 αὐτό
327 2740 342 2794 ΙΙ
368 2743 420 2781 12
454 2738 551 2796 ἐπὶ]
582 2738 697 2794 ὑπὲρ
723 2740 772 2782 D
797 2741 810 2794 Η
838 2743 890 2781 13
925 2739 1041 2783 εἰσιν
1061 2765 1114 2771 —-
1136 2744 1190 2783 14
1224 2738 1425 2796 συλλαβή
1453 2752 1540 2782 om.
1566 2739 1615 2782 D
1639 2741 1654 2795 ΙΙ
1681 2743 1734 2782 18
1765 2756 1873 2796 χρυ-

189 2794 468 2851 σόκερως-
493 2797 594 2853 ἑξῆς
633 2811 720 2841 om
756 2799 803 2841 D
846 2825 898 2829 —
939 2797 1028 2842 hoc
1069 2797 1275 2842 scholion
1316 2798 1534 2841 ultimum
1579 2800 1650 2841 est
1692 2798 1740 2840 in
1780 2800 1828 2842 D
1861 2801 1873 2854 ΙΙ

190 2859 244 2897 22
278 2853 423 2912 μόνην
456 2858 491 2900 Ι
514 2856 681 2912 (Heph.
710 2862 777 2909 33,
799 2859 856 2912 5),
889 2854 1035 2913 μόνον
1068 2858 1130 2900 Μ
1161 2858 1166 2914 1
1202 2857 1287 2913 τὴν
1318 2854 1603 2913 λεφαντίναν
1635 2857 1788 2913 Turn„
1821 2858 1871 2901 τὸ

189 2908 328 2969 ἦλθες
360 2914 411 2958 ἐκ
442 2916 540 2958 ΙΜ
561 2917 574 2971 ΙΙ
599 2921 653 2958 23
688 2916 737 2959 δὲ
771 2917 842 2973 τὸ]
877 2916 926 2960 δὲ
959 2923 1020 2959 τῶ
1053 2917 1152 2959 ΙΜ
