2060 3168
41 2024 164 2079 (141)

244 179 431 220 1v—VI
461 179 606 220 ΠΕΡΙ
638 178 881 230 ΣΤΙΧΟΤ,
914 178 1344 231 ΣΤΣΤΗΜΑΤΟΣ,
1378 180 1712 222 ΣΧΗΜΑΤΟΣ
1783 178 1893 232 263

201 311 412 381 ἐλεγεῖα
465 313 602 382 πρὸς
654 313 720 365 τὰ
775 314 875 382 ἔπη
930 310 1021 365 καὶ
1076 313 1127 365 οἱ
1183 311 1385 384 έπωδοὶ
1441 314 1577 382 πρὸς
1621 315 1688 366 τὰ
1735 313 1893 384 ἕτερα

200 394 394 464 μέτρα,
450 394 657 461 ὁμοίων
712 394 796 461 δέ,
851 394 924 457 ὡς
979 396 1087 463 ἔχει
1134 395 1196 447 τὸ
1252 395 1516 462 δεύτερον
1567 393 1658 447 καὶ
1704 398 1893 461 τρίτον

202 480 475 544 Σαπφοῦς
530 477 622 529 διὰ
676 476 737 528 τὸ
791 472 965 544 μηδὲν
1015 475 1372 545 εὑρίσκεσθαι
1420 474 1664 544 ἀριθμοῦ
1710 495 1892 544 περιτ-

198 565 318 611 τοῦ.
364 589 432 595 -
485 556 568 610 Ἐκ
622 558 836 610 τούτων
889 557 1185 625 ὑφίσταται
1232 557 1299 609 τὰ
1352 558 1512 626 μικτὰ
1566 559 1755 626 γενικὰ
1802 559 1891 611 καὶ

199 641 360 692 κοινὰ
399 639 790 708 συστηματικᾶ·
831 639 992 707 μικτὰ
1030 635 1131 706 μὲν
1170 639 1360 706 γενικά
1399 637 1551 691 ἐστιν
1582 639 1644 692 αἴ
1676 659 1735 692 τε
1765 659 1892 709 τρα-

201 722 399 792 γῳδίαι
436 721 526 773 καὶ
568 722 622 773 αἱ
661 720 886 773 παλαιαὶ
926 721 1223 791 κωμῳδίαι,
1264 718 1379 772 ἐπεὶ
1410 719 1502 773 καὶ
1533 721 1671 773 κατὰ
1703 723 1892 790 στίχον

199 803 289 855 καὶ
330 803 466 855 κατὰ
501 803 750 870 σύστημα
790 801 1159 870 γεγραμμέναι
1191 803 1347 854 εἰσίν.
1408 802 1570 855 κοινὰ
1602 799 1661 855 δὲ
1694 816 1892 871 συστη-

198 884 397 951 ματικᾶ
444 882 618 957 ἐστιν,
666 884 804 952 ἅπερ
852 884 917 936 τὰ
964 883 1102 936 αὐτὰ
1147 881 1237 935 καὶ
1287 885 1422 936 κατὰ
1469 885 1660 952 στίχον
1698 885 1892 953 γεγρά-

201 970 347 1034 φθαι
399 967 650 1034 φήσομεν
697 966 788 1017 διὰ
835 965 896 1017 τὸ
944 964 1140 1033 ὅμοιον
1185 965 1275 1017 καὶ
1321 966 1456 1017 κατὰ
1504 966 1752 1034 σύστημα
1800 967 1892 1019 διὰ

199 1048 300 1115 τὴν
337 1054 433 1114 τῆς
472 1047 791 1115 ὁμοιότητος
831 1054 925 1114 τῆς
963 1048 1249 1115 ποιητρίας
1286 1047 1532 1115 τήρησιν.
1563 1079 1637 1084 -
1677 1050 1800 1100 Τῶν
1831 1045 1891 1101 δὲ

199 1129 336 1181 κατὰ
376 1130 566 1197 στίχον
604 1129 669 1181 τὰ
715 1127 819 1196 μέν
866 1127 980 1180 ε’στι
1026 1129 1212 1195 μικτοὲ,
1259 1129 1324 1180 τὰ
1365 1124 1426 1180 δὲ
1465 1129 1682 1195 ἄμικτα·
1728 1131 1892 1197 μικτὰ

199 1207 302 1279 μὲν
356 1210 428 1273 ὡς
482 1212 538 1262 αἱ
584 1210 925 1279 Μενάνδρου
979 1211 1284 1281 κωμῳδίαι,
1339 1211 1537 1278 ἄμικτα
1591 1207 1651 1263 δὲ
1707 1210 1781 1273 ὡς
1835 1213 1891 1264 αὶ

192 1289 430 1361 Ὁμήρου
471 1292 762 1362 ῥαψῳδιάι.
801 1321 876 1328 -
923 1294 1045 1344 Τῶν
1085 1288 1144 1344 δὲ
1194 1292 1330 1344 κατὰ
1369 1292 1618 1360 σύστημα
1657 1311 1890 1362 γεγραμ-

198 1373 383 1441 μένων
421 1375 487 1426 τὰ
526 1373 628 1442 μὲν
666 1374 802 1426 κατὰ
843 1372 1048 1442 σχέσιν,
1087 1374 1154 1425 τὰ
1194 1369 1254 1426 δὲ
1287 1371 1684 1441 ἀπολελυμένα,
1723 1374 1789 1426 τὰ
1829 1371 1890 1427 δὲ

199 1456 425 1525 μετρικοὶ
464 1456 682 1522 ἄτακτα,
721 1456 786 1507 τὰ
826 1451 886 1506 δὲ
926 1453 980 1517 ἐξ
1022 1454 1246 1523 ὁμοίων,
1285 1455 1351 1506 τὰ
1391 1451 1451 1507 δὲ
1490 1457 1652 1523 μικτὰ
1692 1469 1889 1525 συστη-

199 1538 410 1606 ματικά.
485 1538 621 1589 κατὰ
661 1535 848 1604 σχέσιν
885 1536 987 1604 μὲν
1027 1531 1131 1588 οὖν
1170 1534 1285 1588 ἐστι
1324 1537 1384 1589 τὸ
1415 1538 1552 1588 κατὰ
1584 1536 1889 1590 ἀνταπόδο-

198 1633 291 1672 σιν
321 1620 410 1671 καὶ
441 1618 813 1686 ἀνακύκλησιν
836 1618 1056 1686 μέτρου,
1088 1617 1469 1686 ἀπολελυμένα
1502 1614 1563 1670 δὲ
1589 1618 1889 1687 γέγραπται

197 1700 288 1753 καὶ
328 1702 462 1753 ἄνευ
503 1699 706 1768 μέτρου
747 1698 1072 1769 ὡρισμένου.

996 1890 1089 1944 VI.

777 2012 940 2080 Περὶ
980 2013 1315 2080 σχήματος.

315 2135 425 2185 Τοῦ
479 2133 582 2199 μὲν
634 2129 815 2203 ἡρῴου
870 2133 1113 2199 σχήματα
1167 2127 1273 2197 λβ’.
1350 2130 1495 2183 ὅλων
1549 2131 1652 2198 γὰρ
1708 2131 1887 2183 ὄντων

196 2214 482 2267 δακτύλων
536 2213 597 2265 ἓν
651 2213 739 2265 καὶ
795 2212 940 2265 ὅλων
993 2212 1303 2264 σπονδείων
1356 2210 1437 2264 ἕν·
1501 2212 1772 2273 δάκτυλος
1826 2207 1886 2263 δὲ

195 2296 328 2364 μετὰ
372 2295 654 2363 τεσσάρων
702 2294 1011 2346 σπονδείων
1051 2290 1117 2360 ε’,
1164 2294 1457 2354 σπονδεῖος
1497 2292 1557 2345 δὲ
1603 2293 1737 2361 μετὰ
1774 2307 1886 2345 τεσ-

196 2377 383 2446 σάρων
424 2376 709 2429 δακτύλων
742 2372 807 2442 ε’,
849 2375 951 2427 δύο
993 2371 1052 2426 δὲ
1094 2375 1378 2427 σπονδεῖοι
1418 2374 1551 2443 μετὰ
1589 2383 1759 2442 τριῶν
1791 2375 1886 2426 δα-

315 2526 372 2565 20
412 2522 652 2565 schemata
691 2520 963 2576 saepissime
1003 2519 1323 2573 inveniuntur3
1365 2520 1421 2564 cf.
1457 2534 1494 2563 e.
1529 2535 1572 2576 g.
1606 2519 1691 2561 An.
1726 2518 1884 2561 Ambr.

196 2581 288 2623 AV
313 2585 411 2625 216.
467 2580 617 2623 Diom.
644 2579 663 2621 I
689 2585 787 2623 496.
844 2580 958 2622 Mar.
984 2579 1101 2622 Plot.
1121 2579 1183 2622 VI
1209 2583 1308 2634 502,
1335 2584 1403 2622 21.
1462 2578 1544 2622 GL
1571 2578 1632 2620 VI
1658 2583 1756 2621 623.
1783 2582 1882 2621 634.

195 2640 412 2697 Hermog.
439 2655 485 2683 π.
513 2640 571 2683 ἰδ.
598 2639 713 2681 1110
739 2654 781 2694 p.
808 2643 909 2692 409,
931 2643 981 2681 15
1008 2637 1171 2695 (Spgl.)
1204 2640 1279 2695 (of.
1306 2637 1611 2682 Grossmann:
1645 2637 1713 2680 De
1738 2637 1883 2680 doctr.

196 2701 326 2743 metr.
359 2699 458 2743 rell.
494 2699 553 2742 ab
586 2698 834 2742 Eustathio
867 2698 1073 2741 servatis.
1129 2698 1320 2755 Argent.
1357 2702 1467 2741 1887
1502 2712 1547 2753 p.
1581 2699 1669 2752 47).
1740 2696 1881 2740 schol.

196 2758 328 2802 Hom.
357 2762 398 2802 E
422 2762 507 2802 500
539 2758 750 2814 (Ptolem.
777 2756 952 2810 Ascal.;
994 2757 1050 2800 of.
1084 2757 1342 2800 Rauscher:
1375 2756 1443 2800 De
1477 2755 1666 2800 scholiis
1698 2755 1883 2800 Homer.

198 2818 257 2860 ad
290 2831 386 2861 rem
419 2819 550 2861 metr.
576 2818 744 2873 pertin.
771 2816 963 2860 Dissert.
990 2817 1234 2873 Argentor.
1260 2815 1323 2859 XI
1354 2831 1397 2871 p.
1426 2818 1498 2871 65>

318 2941 343 2979 5
377 2935 479 2994 μὲν]
513 2936 564 2979 δὲ
597 2934 729 2978 codd.

1917 1070 1959 1101 10

1914 1477 1956 1510 15

1913 2040 1955 2072 20
