2060 3168
471 130 594 172 Vm.
619 131 684 170 IX
716 130 860 170 ΠΕΡΙ
890 129 1117 171 ΣΓΙΧΩΝ
1147 130 1270 170 ΤΗΣ
1303 127 1551 175 ΛΕΞΕΩΣ
1751 128 1857 181 327

167 272 281 316 τῶν
320 266 609 332 συλλαβῶν
647 263 737 316 καὶ
775 264 905 326 τοὺς
942 265 1118 326 πόδας
1157 262 1263 316 ἀπὸ
1303 271 1403 317 τοῦ
1442 265 1665 331 πρώτου
1705 262 1860 333 μέχρι

167 351 267 396 τοῦ
309 344 539 412 ἐσχάτου
578 347 710 408 τοὺς
748 345 952 408 αὐτοὺς
991 342 1148 414 ἔχων,
1188 337 1312 398 οἷον
1351 343 1419 417 (φ
1449 344 1540 416 15)

318 426 392 478 τὼ
433 424 495 478 δ’
534 426 595 479 ἐν
632 429 902 498 Μεσσήνῃ
943 426 1257 495 ξυμβλήτην
1296 426 1596 494 ἀλλήλοιϊν.

280 507 329 559 2.
396 506 878 577 ἀπηρτισμένος
940 505 1000 560 δὲ
1055 507 1084 561 6
1138 508 1240 577 τὴν
1294 508 1551 568 διάνοιαν
1603 505 1745 576 ἔχων
1800 507 1860 560 ἐν

165 586 342 660 ἑαυτῷ
375 599 576 656 πᾶσαν,
617 581 740 642 οἷον
781 588 866 660 (Η
895 588 949 660 1)
1905 610 1925 642 5

315 669 386 732 ὣς
426 671 596 723 εἰπὼν
633 670 856 724 πυλέων
896 669 1151 734 ἐξέσσυτο
1193 672 1456 739 φαίδιμος
1483 668 1709 740 ’Ἕκτωρ

277 751 325 803 3.
367 751 690 820 ἀκέφαλος
730 752 796 804 δέ
831 751 982 805 ἐστιν
1025 750 1053 804 6
1099 751 1204 806 ἀπὸ
1243 754 1502 822 βραχείας
1538 751 1857 822 ἀρχόμενος,

165 823 289 885 οἷον
329 831 498 903 (Ψ2)

312 912 499 983 ἐπειδὴ
539 915 675 984 νῆάς
711 934 770 967 τε
813 913 904 967 καὶ
936 913 1346 983 Ἑλλήσποντον
1385 914 1589 967 ἵκοντο.

274 995 323 1046 4.
379 997 660 1065 λαγαρὸς
701 993 762 1049 δὲ
802 996 830 1049 ὁ
870 998 1005 1049 κατὰ
1044 995 1216 1065 μέσην
1254 997 1356 1064 τὴν
1396 997 1716 1065 συμπλοκὴν
1755 997 1856 1064 τὴν
1880 1017 1923 1050 10

163 1076 435 1129 σύνθεσιν
473 1078 545 1146 μὴ
587 1079 791 1144 σώζων,
833 1070 955 1131 οἷον
995 1076 1070 1149 (Ξ
1093 1075 1149 1149 1)

312 1157 567 1224 Νέστορα
606 1157 668 1211 δ’
707 1159 808 1211 οὐκ
847 1157 1052 1212 ἔλαθεν
1093 1160 1215 1228 ἰαχὴ
1255 1159 1488 1211 πίνοντά
1530 1177 1632 1229 περ
1672 1162 1854 1228 ἔμπης.

273 1239 322 1291 5.
384 1241 693 1308 μείουρος
749 1239 811 1292 δὲ
865 1238 893 1291 6
943 1240 1079 1291 κατὰ
1126 1241 1186 1292 τὸ
1234 1239 1388 1302 τέλος
1434 1242 1534 1308 τὴν
1582 1241 1856 1293 σύνθεσιν

160 1321 234 1389 μὴ
280 1318 491 1387 σώζων,
542 1319 630 1373 καὶ
679 1322 781 1388 τὴν
826 1320 1235 1390 παρατέλευτον
1273 1323 1555 1390 συλλαβὴν
1593 1325 1856 1392 βραχεῖαν

160 1399 318 1470 ἔχων,
360 1393 482 1455 οἷον
522 1402 769 1472 (Μ208)
1876 1424 1917 1456 15

318 1487 495 1549 Τρῶες
535 1483 594 1536 δ’
633 1483 951 1554 ἐρρίγησαν,
991 1483 1136 1546 ὅπως
1176 1485 1300 1537 ἴδον
1339 1486 1532 1537 αἰόλον
1571 1486 1718 1553 ὄφιν.

274 1565 321 1616 6.
383 1568 621 1634 τραχὺς
677 1565 742 1619 δέ
802 1565 953 1618 ἐστιν
1008 1564 1036 1618 ὁ
1090 1571 1166 1637 τῷ
1222 1565 1380 1636 ῥοίζῳ
1436 1566 1535 1618 τὸν
1593 1568 1854 1635 φθόγγον

160 1648 437 1714 συνιστάς,
479 1647 551 1709 ὡς
590 1648 650 1700 τὸ
693 1647 771 1717 (Γ
789 1647 922 1715 363)

307 1729 511 1797 τριχθά
549 1749 606 1781 τε
645 1730 734 1782 καὶ
774 1730 1049 1797 τετραχθὰ
1090 1725 1394 1797 διατρυφὲν
1426 1725 1618 1781 ἔκπεσε
1658 1730 1850 1798 χειρός.

276 1809 321 1862 7.
382 1811 818 1879 μαλακοειδὴς
871 1809 1011 1879 <δέ>
1060 1810 1211 1863 ἐστιν
1263 1809 1291 1863 6
1341 1811 1497 1871 λείως
1544 1808 1851 1862 ἐπιπίπτων
1875 1832 1918 1864 20

158 1902 278 1953 ταῖς
316 1891 504 1954 ἀκοαῖς
542 1891 632 1944 καὶ
673 1893 744 1960 μὴ
785 1894 994 1960 βιαίως,
1035 1883 1157 1944 οἷον
1196 1889 1270 1962 (Ρ
1287 1888 1381 1961 51)

308 1974 498 2039 αἵματί
534 1974 585 2026 οἱ
627 1973 856 2026 δεύοντο
896 1975 1058 2042 κόμαι
1099 1974 1413 2042 χαρίτεσσιν
1451 1971 1648 2038 ὁμοῖαι.

279 2115 303 2154 3
337 2109 666 2161 ὃλοσπόνδειος
696 2109 910 2153 Eustath.
945 2109 1006 2153 ad
1037 2114 1076 2152 A
1100 2113 1184 2152 130
1215 2125 1260 2166 p.
1287 2114 1387 2163 836,
1409 2114 1587 2166 17sqq.‚
1621 2111 1677 2154 cf.
1705 2110 1846 2155 schol.

158 2170 441 2227 (Aristonic.)
480 2169 539 2213 ad
572 2175 610 2212 A
638 2173 722 2212 130
769 2171 783 2225 ΙΙ
833 2173 855 2211 7
889 2182 1061 2226 genera
1093 2173 1207 2212 3-5
1241 2171 1288 2213 et
1322 2173 1494 2213 10—12
1528 2171 1636 2212 sunt
1666 2169 1802 2227 πάθη
1845 2170 1850 2227 Ι

158 2233 183 2271 9
211 2228 267 2273 cf.
295 2228 435 2272 schol.
456 2229 515 2272 ad
540 2229 917 2283 ²112(Rauscher:
946 2227 1066 2271 Diss.
1081 2228 1264 2285 Arg.XI
1279 2232 1444 2283 102‚72
1456 2230 1540 2285 sq.)
1558 2231 1570 2285 ΙΙ
1592 2233 1643 2272 17
1658 2170 1847 2287 τραχὺς)

158 2288 299 2332 schol.
334 2289 381 2330 in
415 2288 548 2331 Dion.
576 2288 682 2331 Thr.
711 2292 811 2342 350,
833 2293 884 2330 11

278 2412 297 2449 1
334 2413 425 2450 τῶν
457 2407 651 2460 πρώτων
686 2407 733 2449 et
764 2410 788 2448 2
822 2413 913 2449 τῶν
922 2404 1150 2475 ἐσχάτων
1175 2407 1220 2450 Ρ
1240 2408 1254 2462 ΙΙ
1280 2411 1304 2448 2
1329 2406 1438 2457 τοὺς
1461 2406 1632 2457 αὐτοὺς
1656 2420 1745 2450 om.
1764 2407 1810 2450 P
1833 2409 1846 2463 ΙΙ

156 2470 183 2508 4
216 2466 266 2511 δὲ
293 2467 354 2517 Ε
387 2480 474 2509 om.
502 2467 606 2509 KP
658 2466 664 2520 Ι
722 2464 746 2508 ὁ
779 2465 882 2522 τὴν]
918 2462 990 2508 ὅτε
1023 2467 1068 2508 Ρ
1116 2467 1130 2521 ΙΙ
1187 2470 1240 2508 10
1274 2464 1560 2537 συμπλοκὴν]
1593 2465 1847 2522 συμφωνὴν

157 2525 273 2583 ἔχων
306 2527 368 2577 P,
410 2523 685 2581 συμφωνίαν
724 2523 783 2580 μὴ
826 2525 977 2576 σώζων
1009 2524 1111 2580 (sic)
1145 2525 1212 2578 E,
1257 2522 1534 2581 συμφωνίαν
1566 2537 1687 2581 app
1705 2525 1846 2579 rhet&

154 2584 261 2628 fort.
295 2583 414 2628 κατὰ
447 2582 587 2640 μέσον
619 2583 752 2627 scrib.
781 2585 833 2639 (τ.
861 2597 899 2626 σ.
926 2582 1128 2641 deleto)?
1151 2586 1166 2640 ΙΙ
1193 2589 1243 2626 11
1279 2583 1523 2641 σύνθεσιν]
1555 2582 1693 2627 θέσιν
1718 2585 1846 2634 PE.

159 2648 212 2687 13
245 2644 468 2687 σύνθεσιν
502 2642 572 2685 Ps.
599 2641 747 2698 Heph.
781 2648 805 2695 ξ
831 2647 908 2686 28⁸
940 2642 1045 2696 alii3
1077 2642 1212 2687 θέσιν
1247 2644 1349 2687 KP
1395 2645 1410 2698 ΙΙ
1459 2648 1509 2685 17
1546 2640 1659 2686 ὅταν
1690 2640 1845 2697 ῥοῖζον

154 2710 246 2746 τῶν
279 2701 507 2759 φθόγγων
540 2704 603 2755 P3
645 2701 701 2745 cf.
736 2700 906 2744 schol.B
927 2706 1026 2754 292,
1049 2706 1117 2755 16,
1158 2700 1182 2745 ὁ
1215 2702 1295 2747 διὰ
1326 2701 1411 2757 τὴν
1445 2700 1722 2758 ἑπαλληλίαν
1753 2709 1845 2746 τῶν

156 2763 420 2818 συμφώνων
451 2764 515 2820 τῷ
551 2760 749 2819 φθόγγῳ
780 2759 1122 2818 τραχυνόμενος
1152 2761 1251 2805 cod
1270 2761 1375 2804 vat.
1404 2765 1487 2803 915
1527 2763 1541 2815 ΙΙ
1582 2764 1636 2803 18
1667 2761 1718 2804 τὸ
1752 2761 1844 2815 K’,

156 2833 244 2864 om.
277 2820 376 2863 rell.
413 2823 427 2877 ΙΙ
469 2825 522 2863 19
556 2807 840 2887 διατριφθὲν
873 2820 926 2863 Κ
949 2822 955 2876 Ι
983 2818 1240 2864 κατέππεσε
1274 2821 1319 2863 P
1343 2822 1358 2876 ΙΙ
1390 2825 1446 2862 20
1478 2820 1558 2863 καὶ
1589 2820 1650 2877 μὴ
1682 2818 1846 2878 βιαίως

156 2893 244 2923 om
270 2882 316 2924 P
346 2879 537 2932 schol.1³;
571 2881 642 2922 est
673 2879 722 2921 in
755 2892 860 2935 app.
894 2878 1010 2922 rhet.
