2060 3168
222 146 332 198 330
807 149 1058 191 APPEND.
1091 149 1331 191 DIONYS.

221 284 402 350 τρίτη
442 284 754 350 τροχαῖκή
791 280 958 349 ἐστιν,
999 281 1132 334 ὅταν
1165 281 1193 334 ὁ
1227 283 1486 350 δεύτερος
1525 286 1664 346 ποὺς
1703 283 1913 353 εὑρεθῇ

221 372 475 431 τροχαῖος
497 361 587 415 καὶ
612 363 872 432 ἀπαρτίζῃ
899 365 976 425 εἰς
996 363 1208 415 τέλειον
1231 363 1397 432 μέρος
1423 367 1612 432 λόγου,
1632 356 1754 417 οἷον
1769 364 1845 434 (Α
1856 363 1912 434 3)

370 453 574 515 πολλὰς
615 452 662 504 δ’
704 454 975 522 ἰφθίμους
1014 453 1194 520 ψυχὰς
1219 450 1368 504 ’Ἁῖδι
1407 456 1694 521 προΐαψεν.

221 541 491 610 τετάρτη
531 543 844 611 τροχαϊκή
875 539 1044 608 ἐστιν,
1088 540 1220 593 ὅταν
1253 539 1281 594 ὁ
1314 543 1497 611 τρίτος
1535 544 1675 604 ποὺς
1707 542 1911 612 εὑρεθῇ

178 641 197 674 5
221 630 474 691 τροχαῖος
507 625 583 685 εἰς
614 621 824 675 τέλειον
855 622 1017 690 μέρος
1050 624 1219 690 λόγου
1253 621 1580 691 ἀπαρτίζων,
1614 615 1736 676 οἷον
1761 623 1833 693 (Ζ
1855 621 1912 693 6)

377 712 579 779 Τρώων
612 709 736 780 ῥῆξε
762 711 1034 780 φάλαγγα,
1066 713 1217 780 φόως
1243 709 1290 763 δ’
1317 710 1598 780 ἑτάροισιν
1621 709 1838 780 ἔθηκεν.

221 799 433 868 πέμπτη
474 802 834 867 βουκολική
874 799 1041 867 ἐστιν,
1082 799 1214 852 ὅταν
1253 802 1385 866 μετὰ
1429 799 1698 869 τέσσαρας
1738 802 1914 863 πόδας

222 881 427 950 εὑρεθῇ
469 882 714 949 συλλαβὴ
757 881 1129 950 ἀπαρτίζουσα
1163 883 1241 944 εἰς
1279 881 1494 934 τέλειον
1525 882 1690 951 μέρος
1722 884 1912 950 λόγου,

223 954 346 1014 οἷον
387 960 463 1032 (Γ
482 961 613 1034 308)

155 1071 197 1103 10
373 1053 511 1114 Ζεὺς
535 1050 636 1120 μέν
660 1070 768 1104 που
794 1054 856 1104 τό
882 1071 944 1120 γε
970 1046 1086 1104 οἷδε
1110 1050 1201 1104 καὶ
1227 1051 1499 1105 ἀθάνατοι
1523 1051 1649 1104 θεοὶ
1677 1053 1846 1104 ἄλλοι.

222 1142 334 1192 ἔστι
376 1141 435 1192 δὲ
473 1141 563 1193 καὶ
605 1139 759 1208 ἑτέρα
798 1142 1116 1209 βουκολική,
1167 1133 1202 1209 ᾗ
1243 1142 1295 1193 οἱ
1335 1141 1401 1193 τὰ
1439 1142 1742 1208 βουκολικὰ
1781 1155 1914 1209 συγ-

219 1222 563 1290 γραψάμενοι
602 1221 978 1291 <κέχρηνται>.

950 1413 1074 1483 Cap.
1099 1413 1190 1466 XI.

673 1534 834 1602 Περὶ
875 1534 1095 1586 ποδῶν
1137 1531 1460 1601 ἑρμηνεία.

154 1670 195 1702 15
333 1652 406 1702 Αἱ
447 1652 550 1703 δύο
593 1654 881 1719 συλλαβαί,
922 1652 1102 1721 μακρά
1142 1671 1197 1704 τε
1238 1651 1326 1703 καὶ
1366 1653 1611 1720 βραχεῖα,
1653 1650 1913 1719 ἀλλήλαις

221 1734 661 1801 συμπλεκόμεναι
695 1735 824 1795 τοὺς
856 1732 1122 1797 τέσσαρας
1156 1733 1526 1800 δισυλλάβους
1559 1731 1911 1785 ἀποτελοῦσι·

219 1821 329 1865 πᾶν
367 1815 472 1881 γὰρ
514 1814 710 1882 διφυὲς
750 1813 913 1885 ἑτέρῳ
957 1814 1147 1882 διφυεῖ
1187 1816 1638 1882 συμπλεκόμενον
1675 1812 1912 1882 τέσσαρα

222 1897 463 1962 σχήματα
501 1894 767 1964 ἀποτελεῖ,
809 1896 882 1957 ὡς
914 1895 975 1948 ἐν
1005 1902 1079 1967 τῷ
1113 1894 1260 1963 περὶ
1302 1895 1639 1963 ὀνομάτων
1672 1900 1911 1963 εἴπομεν.

221 1970 335 2027 εἶτα
389 1977 558 2028 πάλιν
613 1975 835 2046 ἑκατέρα
887 1978 1101 2029 τούτων
1149 1975 1354 2048 ἑκάστῳ
1401 1985 1512 2028 τῶν
1560 1977 1911 2043 δισυλλάβων

155 2077 196 2109 20
219 2057 623 2126 προστιθεμένη
685 2058 861 2126 <ὀκτὼ
932 2059 1021 2110 καὶ
1086 2056 1290 2129 ἑκάστω
1353 2067 1465 2110 τῶν
1525 2059 1912 2125 τρισυλλάβων

219 2138 659 2207 προστιθεμένη>
701 2138 985 2192 ἑκκαίδεκα
1023 2148 1183 2192 ποιεῖ.
1260 2145 1334 2211 τῷ
1371 2139 1517 2209 αὐτῷ
1557 2140 1700 2209 λόγῳ
1741 2140 1793 2191 οἱ
1828 2137 1911 2190 ἑκ-

218 2221 442 2272 καίδεκα
488 2222 738 2288 γίνονται
788 2219 885 2288 λβ’
933 2221 1021 2274 καὶ
1070 2221 1122 2272 οἱ
1178 2220 1575 2290 τριακονταδύο
1625 2218 1911 2288 ἑξηκοντα-

340 2400 452 2437 1-3
492 2396 579 2438 hoc
619 2409 764 2452 genus
797 2395 972 2439 insulse
1005 2395 1321 2452 excogitassum
1354 2407 1663 2450 perversoque
1696 2393 1907 2450 exemplo

219 2453 506 2496 illustratum
544 2455 593 2496 in
633 2454 868 2510 plerisque
910 2455 966 2497 de
999 2454 1203 2497 caesuris
1237 2455 1534 2497 commentar.
1569 2455 1639 2509 (ut
1671 2453 1741 2496 Ps.
1769 2452 1907 2509 Plan>

220 2512 362 2566 deest,
397 2514 477 2555 sed
511 2513 566 2556 cf.
600 2513 686 2555 An.
714 2513 834 2556 Chis.
871 2519 894 2566 ξ
922 2519 961 2557 8.
1010 2515 1157 2556 Anon.
1186 2513 1268 2556 GL
1293 2512 1357 2555 VI
1383 2517 1480 2565 638,
1502 2517 1527 2555 6
1581 2515 1595 2568 11
1652 2517 1704 2554 15
1739 2511 1908 2555 εοὴοΙ.Β

218 2586 261 2625 p.
290 2576 387 2624 294,
409 2576 462 2614 18
478 2587 575 2628 sqq.
612 2575 659 2615 et
689 2572 759 2614 Ps.
787 2572 935 2628 Heph.
972 2577 995 2625 ξ
1023 2577 1078 2615 24

341 2723 393 2761 10
425 2726 561 2762 τοῦτο
596 2719 727 2762 codd.
754 2721 767 2775 ΙΙ
795 2725 844 2761 11
882 2719 909 2777 ῂ
942 2719 1062 2762 Chis.
1097 2721 1142 2762 et
1176 2719 1247 2762 ΡΒ.
1274 2718 1438 2774 Heph„
1473 2715 1575 2762 οἷον
1601 2718 1692 2774 PQ
1715 2719 1728 2774 Η
1755 2723 1807 2760 12
1834 2716 1906 2760 κέ-

219 2794 412 2833 χρηνται
446 2779 658 2821 addibum
691 2792 747 2822 ex
779 2766 899 2821 Chis.
935 2781 981 2821 et
1012 2778 1083 2821 Ps.
1109 2778 1259 2834 Heph
1301 2781 1314 2834 ΙΙ
1355 2782 1408 2820 16
1441 2776 1666 2832 τεσσάρας
1698 2776 1905 2819 δισυλλά-

221 2837 331 2892 βους
350 2835 476 2880 CaeS.
482 2836 907 2894 ,τετρασυλλάβους
932 2837 1062 2880 codd.
1083 2837 1253 2880 sch01.1³
1274 2839 1287 2892 ΙΙ
1315 2842 1366 2879 19
1393 2835 1567 2894 ἑκάστῳ
1586 2835 1906 2891 Stadtamffller‚

221 2893 385 2952 ἑκάστῃ
420 2896 550 2938 codd.
575 2898 590 2951 Η
616 2901 670 2938 20
703 2895 891 2938 ὀκτὼ-
911 2901 962 2938 21
998 2894 1338 2951 προστιθεμένη
1371 2895 1507 2938 inser.
1539 2882 1847 2938 Stadtmfiller
