2060 3168
254 169 362 221 386
1008 171 1184 212 TPIXA

252 303 412 346 ποδῶν
452 300 765 360 συγκειμένοις
804 301 985 358 μέτροις
1031 302 1149 346 κατὰ
1187 309 1322 346 τοῦτο
1363 300 1702 358 συμπίπτουσιν
1752 301 1942 348 ἐκείνων

254 368 340 425 γὰρ
385 368 508 414 ἴδιον
547 375 695 413 τοῦτο.
768 367 919 425 ὥσπερ
962 369 1071 413 οὐδὲ
1111 369 1447 425 καταληκτικὸν
1488 369 1555 421 εἰς
1594 369 1821 428 συλλαβὴν
1861 370 1943 414 καὶ.

253 434 548 492 ὃισύλλαβον·
592 442 727 479 τοῦτο
768 434 855 491 γὰρ
895 442 986 479 τῶν
1027 435 1076 480 ἐκ
1114 435 1427 493 τρισυλλάβων
1457 437 1619 480 ποδῶν
1651 435 1942 494 βαινομένων

253 500 429 557 μέτρων
469 500 591 545 ἴδιον
631 496 703 557 ἦν.
768 500 916 557 μόνας
947 498 1031 545 οὖν
1066 501 1157 558 ἔχει
1190 500 1274 552 τὰς
1305 500 1561 558 εἰρημένας.
1597 528 1650 535 -
1688 502 1752 546 Τὸ
1785 501 1941 558 μέντοι

208 580 228 612 5
252 567 557 625 χοριαμβικὸν
605 567 770 624 μέτρον
817 567 897 611 καὶ
942 566 1000 611 τὰ
1049 567 1151 624 ἑξῆς
1187 568 1343 612 πάντα
1383 567 1440 612 τὰ
1480 569 1530 614 ἐκ
1567 569 1942 628 τετρασυλλάβων

252 635 414 679 ποδῶν
461 633 580 678 κατὰ
628 632 919 690 μονοποδίαν
965 641 1206 690 μετρεῖται.
1255 660 1311 667 -
1358 634 1558 692 Ἄρχεται
1598 634 1650 680 δὲ
1689 635 1768 679 καὶ
1806 641 1944 680 τοῦτο

253 700 347 745 ἀπὸ
379 708 462 744 τοῦ
495 699 710 756 διμέτρου
750 702 1109 756 καταληκτικοῠ,
1151 699 1229 744 ἴνα
1269 701 1328 757 μὴ
1361 709 1458 751 τοῖς
1489 699 1675 758 ῥηθεῖσι
1707 699 1942 761 συμπίπτῃ

253 765 445 822 μέτροις.
514 767 578 811 Τὸ
612 767 663 810 δὲ
695 766 1046 822 καταληκτικρν,
1079 767 1121 811 εἰ
1152 766 1234 823 μὲν
1265 767 1485 823 καθαρόν
1519 768 1632 822 ἐστι,
1676 769 1743 820 εἰς
1773 768 1943 812 δάκτυ-

251 837 333 878 λον
380 833 505 890 λήγει
554 832 582 889 ἢ
630 831 932 890 ἀμφίμακρον
973 855 1088 878 -υ-
1127 833 1209 878 τὸν
1251 834 1471 891 κρητικὸν
1511 834 1852 892 ὀνομαζόμενον
1893 832 1946 886 ὅς

187 911 230 942 10
255 899 377 944 ἐστιν
411 900 460 944 ἐκ
502 907 682 956 μακρᾶς
721 900 800 943 καὶ
840 898 1059 957 βραχείας
1090 901 1170 944 καὶ
1203 907 1404 956 μακρᾶς,
1446 898 1548 946 οἷον
1582 900 1777 945 (ποιέωκ
1819 901 1860 946 εἰ
1891 900 1944 945 δὲ

254 964 528 1023 μεμιγμένον
567 973 665 1018 τοῖς
705 965 910 1024 ἰάμβοις,
951 965 1088 1026 <εἰς>
1130 965 1432 1025 ἀμφίβραχυν
1463 974 1625 1022 υ-υ,’
1650 965 1698 1018 ὅς
1737 967 1858 1012 ἐστιν
1891 966 1942 1011 ἐκ

253 1030 471 1090 βραχείας
509 1033 589 1076 καὶ
630 1039 809 1088 μακρᾶς
853 1033 933 1076 καὶ
972 1030 1192 1090 βραχείας
1230 1029 1333 1077 οἷον
1367 1032 1616 1087 (ἄνακτεςῖ,
1656 1032 1684 1090 ἢ
1725 1034 1791 1083 εἰς
1829 1034 1942 1091 βακ-

251 1106 378 1156 χεῖον
409 1121 481 1142 υ-
501 1137 525 1142 -
562 1097 610 1149 ’ὄς
643 1099 763 1143 ἐστιν
797 1099 846 1144 ἐκ
879 1097 1098 1157 βραχείας
1127 1099 1208 1143 καὶ
1240 1099 1326 1144 δύο
1352 1107 1541 1155 μακρῶν
1566 1097 1669 1144 οἷον
1695 1099 1941 1156 (ἀφαιρῶῖ

370 1165 680 1222 Παράὸειγμα
704 1173 786 1210 τοῦ
813 1168 1071 1210 καθολικοῦ
1097 1164 1365 1222 ὃιμέτρου
1390 1169 1726 1224 καταληκτικοῦ
1751 1183 1942 1227 χοριαμ-

188 1242 228 1274 15
254 1233 402 1290 βικοῦ,
433 1238 516 1276 τοῦ
550 1232 633 1287 μὲν
665 1232 731 1282 εἰς
761 1230 990 1277 δάκτυλον
1021 1231 1242 1290 λήγοντος
1271 1232 1378 1276 τόδε

517 1296 597 1342 καί
627 1314 675 1342 τε
707 1299 1046 1343 καθυπνεῦντά
1079 1315 1151 1355 με·
1965 1302 2060 1354 (28Ξ

251 1371 332 1408 τοῦ
365 1365 415 1408 δὲ
449 1365 514 1416 εἰς
545 1363 848 1421 ἀμφίμακρον

517 1431 632 1476 ἀλλά
663 1447 713 1489 γε
745 1432 825 1475 καὶ
856 1432 1024 1488 ἠρεμῶ.

252 1495 469 1553 ὃιμέτρου
503 1499 553 1542 δὲ
585 1498 906 1554 ἀκαταλήκτου

187 1575 229 1606 20
522 1572 616 1609 σεῖο
650 1562 696 1608 δ’
726 1564 839 1610 ἄνευ
873 1564 988 1621 μηδὲ
1019 1571 1182 1615 πνοᾶς.

252 1631 656 1686 ὑπερκαταλήκτου
689 1630 740 1676 δὲ

519 1695 632 1740 ἀλλά
665 1713 714 1755 γε
747 1698 827 1741 καὶ
857 1697 1139 1754 ἠρεμόωντα.

375 1761 654 1819 Τρίμετρα
688 1762 741 1808 δέ
773 1764 873 1818 εἰσι,
905 1764 1242 1821 καταληκτικὸν
1268 1765 1350 1821 μὲν
1376 1765 1441 1816 εἰς
1465 1765 1693 1810 δάκτυλον
1716 1766 1939 1822 περαιού-

252 1845 390 1883 μενον

186 1900 227 1931 25
518 1897 611 1933 σεῖο
645 1887 690 1933 δ’
721 1889 835 1934 ἄνευ
868 1889 983 1947 μηδὲ
1015 1898 1166 1941 πνοᾶς
1197 1889 1338 1947 μέτρα
1370 1907 1439 1948 γε·

252 1961 318 2011 εἰς
349 1961 400 2006 δὲ
434 1961 736 2018 ἀμφίμακρον

520 2027 769 2085 ἠρεμόωντ’
799 2029 993 2087 ἀτρεμέη
1027 2033 1181 2093 βιοτᾷ·

252 2093 571 2151 ἀκατάληκτον
604 2094 654 2140 δὲ
686 2094 925 2151 τρίμετρον

517 2160 596 2205 καί
627 2179 675 2206 τε
707 2162 1043 2207 καθυπνεῦντά
1074 2180 1128 2221 με
1161 2163 1467 2220 ὃιαμπερέως·

186 2239 228 2270 30
255 2227 658 2284 ὑπερκατάληκτον
691 2228 743 2273 δὲ

518 2302 612 2338 σεῖο
646 2292 691 2338 δ’
721 2294 835 2339 ἄνευ
868 2296 981 2352 μηδὲ
1014 2304 1164 2347 πνοᾶς
1195 2297 1362 2353 μέτρον
1397 2297 1557 2355 ἔχοιμι.

252 2354 330 2402 ’καὶ
362 2358 577 2416 τρίμετρα
610 2362 692 2416 μὲν
725 2369 882 2405 ταῦτα.

375 2426 730 2482 Τετράμετρα
771 2427 844 2481 δέ,
888 2429 1198 2486 καταληκτικὰ
1238 2431 1321 2486 μὲν
1361 2431 1426 2480 εἰς
1457 2429 1684 2475 δάκτυλον
1715 2431 1936 2486 περαιού-

254 2507 368 2546 μενα
401 2493 462 2542 ὡς
492 2493 598 2537 τόὸε

187 2570 228 2600 35
519 2558 598 2603 καί
629 2576 676 2604 τε
708 2562 1044 2605 καθυπνεῦντά
1077 2578 1130 2617 με
1163 2561 1450 2618 ὃιαμπερέως
1481 2563 1695 2618 φρούρεε,

255 2625 319 2674 εἰς
351 2624 400 2669 δὲ
434 2624 736 2681 ἀμφίμακρον

519 2691 631 2735 ἀλλά
664 2708 713 2749 γε
745 2694 824 2736 καὶ
859 2691 1108 2749 ἠρεμόωντ’
1137 2694 1330 2751 ἀτρεμέη
1364 2697 1522 2756 βιοτᾷ·

286 2910 348 2952 dd
373 2854 648 2953 9Jupnvznbv
682 2868 707 2897 a
741 2855 811 2898 Ρ1
844 2868 956 2898 corr.
993 2869 1046 2899 ex
1078 2857 1344 2913 τροχαικὸν;
1378 2857 1623 2915 τροχαικὸν
1655 2858 1710 2901 K
1734 2860 1749 2913 ΙΙ
1783 2862 1833 2900 11
1869 2858 1937 2909 εἰς

256 2924 282 2952 a
354 2945 361 2952 .
423 2925 519 2967 ung
