2060 3168
152 1090 192 1119 10

152 1495 191 1526 15

216 194 324 246 222
670 195 979 237 ΓΕῼΡΓΙΟΤ
1010 195 1448 237 ΧοΙΡοΒοΣΚοΤ

217 330 522 399 εὑρίσκεται
571 331 862 392 σπονδεῖος
907 328 968 382 ἐν
1007 329 1180 400 αὐτῷ,
1229 328 1357 381 ἀλλ’
1396 325 1499 382 οὖν
1539 330 1770 398 δυνάμει
1810 330 1903 382 καὶ

218 411 380 473 αὐτὸς
420 411 688 472 δάκτυλός
729 410 858 477 ἐστι,
898 418 992 477 τῆς
1033 410 1291 479 δευτέρας
1330 418 1429 462 τοῦ
1464 412 1761 464 σπονδείου
1802 432 1899 479 μα-

217 499 350 559 κρᾶς
392 490 512 543 ἀντὶ
554 492 655 543 δύο
696 494 968 559 βραχειῶν
1008 493 1175 559 οὔσης
1210 490 1300 544 καὶ
1333 492 1467 543 κατὰ
1499 499 1696 559 κρᾶσιν
1725 493 1903 561 <δύο>

217 576 488 658 βραχειῶν
543 575 620 635 εἰς
672 575 803 639 μίαν
857 574 1071 641 μακράν
1126 571 1545 638 συνελθουσῶν)
1595 605 1664 610 -
1713 572 1900 642 ἐπειδὴ

218 659 321 707 ουν
361 656 691 706 δακτυλικόν
731 652 846 706 ἐστι
884 654 945 705 τὸ
985 654 1184 723 μέτρον
1223 662 1322 706 τοῦ
1364 657 1544 721 ἔπους,
1583 657 1718 708 κατὰ
1756 658 1905 708 πόδα

218 735 313 788 ἕνα
354 735 663 804 ἑξάμετρον,
702 732 812 803 ε’χει
844 735 1004 787 πέντε
1036 738 1278 797 τελείους
1308 737 1483 797 πόδας
1515 735 1603 789 καὶ
1637 738 1739 789 δύο
1773 741 1904 790 συλ-

218 817 410 885 λαβάς,
462 816 746 868 τουτέστιν
786 815 818 883 ἢ
860 817 1156 868 σπονδεῖον
1195 816 1227 884 ἢ
1267 826 1548 886 τροχαῖον,
1589 826 1682 886 τῆς
1721 823 1904 871 τελευ-

217 901 371 960 ταίας
426 898 864 966 άδιαφορούσης,
919 898 991 959 ὡς
1039 897 1202 959 αὐτὸς
1249 898 1432 966 μέλλει
1480 901 1679 967 εἰπεῖν,
1726 905 1905 962 καλῶς

219 978 400 1049 φαμὲν
440 979 776 1040 ςἀποθέσεως
821 983 1213 1047 καταληκτικῆς
1262 988 1357 1048 τῆς
1406 981 1482 1042 εἰς
1523 981 1903 1049 δισύλλαβον’·

217 1064 507 1130 καταλήγει
553 1063 656 1128 γὰρ
706 1063 782 1122 εἰς
829 1061 930 1112 δύο
980 1061 1279 1128 συλλαβάς,
1327 1064 1498 1114 λείπει
1539 1062 1600 1114 δὲ
1645 1065 1764 1132 μία,
1811 1063 1903 1116 ἵνα

218 1143 436 1211 γένηται
477 1143 859 1211 τρισύλλαβον.

315 1223 491 1288 Ἄξιον
532 1222 591 1276 δὲ
631 1225 770 1292 ἡμᾶς
815 1224 992 1276 πάντα
1034 1231 1204 1275 ταῦτα
1243 1225 1308 1276 τὰ
1347 1232 1446 1276 τοῦ
1487 1223 1652 1286 ἔπους
1692 1223 1902 1293 ἐπεξερ-

218 1307 513 1374 γάσασθαι,
545 1307 894 1374 παρεπόμενα
925 1304 1015 1357 καὶ
1049 1305 1322 1373 ἀχώριστά
1350 1308 1729 1374 συμβεβηκότα
1754 1308 1902 1359 ὄντα.

228 1387 424 1441 Ἰστέον
461 1390 656 1440 τοίνυν
696 1387 777 1439 ὅτι
818 1385 1014 1454 γένους
1051 1386 1153 1454 μέν
1192 1385 1306 1438 ἐστι
1347 1387 1615 1439 δυαδικοῦ
1647 1390 1903 1455 τετρασή-

217 1491 339 1539 μου.
404 1469 590 1537 ἐπειδὴ
623 1469 904 1537 τεσσάρων
935 1469 1114 1520 ὄντων
1146 1468 1496 1534 δισυλλάβων
1527 1470 1716 1521 ποδῶν
1741 1467 1901 1539 (πυρ-

218 1554 416 1621 ριχίου,
457 1552 774 1613 σπονδείου,
817 1551 1016 1617 ἰάμβου
1056 1547 1146 1601 καὶ
1186 1547 1470 1619 τροχαίου)
1511 1551 1613 1602 δύο
1654 1552 1814 1618 μόνοι
1847 1549 1900 1612 ἐξ

218 1635 400 1686 αὐτῶν
441 1635 582 1685 εἰσιν
623 1633 675 1684 οἱ
716 1630 1119 1684 άποτελεστικοὶ
1159 1630 1389 1698 μέτρων,
1430 1631 1458 1682 ὅ
1491 1650 1548 1682 τε
1588 1631 1782 1698 ἴαμβος
1810 1630 1901 1684 καὶ

218 1714 245 1767 ὁ
285 1723 539 1783 τροχαῖος
578 1712 740 1783 (ὅθεν
785 1711 873 1764 καὶ
925 1713 1179 1779 ἰαμβικὸν
1219 1712 1429 1779 λέγεται
1467 1712 1669 1781 μέτρον
1707 1713 1740 1781 ἢ
1779 1734 1900 1782 τρο-

218 1799 435 1864 χαῑκόν,
491 1796 556 1848 οὐ
612 1795 720 1862 μὴν
773 1795 1137 1862 πυρριχιακὸν
1184 1794 1216 1862 ἢ
1265 1795 1654 1861 σπονδειακόν,
1710 1800 1758 1847 εἰ
1810 1794 1901 1847 καὶ

153 1903 170 1932 <2
218 1878 738 1945 παραλαμβάνονται
779 1877 929 1927 ἔστιν
963 1875 1050 1927 ὅτε
1090 1876 1224 1927 κατά
1255 1895 1409 1937 τινας
1440 1876 1618 1943 χώρας
1649 1883 1746 1928 τοῦ
1782 1876 1899 1943 ἰάμ-

218 1961 322 2025 βου
377 1957 467 2011 καὶ
522 1966 621 2010 τοῦ
676 1955 981 2027 τροχαιόυ)·
1040 1959 1190 2008 ἔστιν
1237 1953 1340 2008 οὖν
1388 1956 1415 2008 ὁ
1465 1960 1658 2025 ἴαμβος
1703 1957 1901 2025 γένους

217 2037 318 2107 μὲν
357 2041 624 2092 δυαδικοῦ
665 2041 932 2107 τρισήμου
970 2039 1142 2091 οἱονεὶ
1174 2040 1489 2107 τριχρόνου·
1529 2036 1606 2107 ιἐκ
1645 2041 1901 2106 βραχείας

217 2121 393 2189 <γὰρ>
438 2119 528 2173 καὶ
583 2128 790 2187 μακρᾶς
846 2121 1201 2187 συγκείμενος
1247 2128 1392 2188 τρεῖς
1445 2128 1590 2171 ποιεῖ
1636 2121 1900 2190 χρόνουςΓ

220 2202 418 2271 ὁμοίως
467 2198 526 2254 δὲ
572 2200 662 2253 καὶ
711 2200 772 2253 ἐν
817 2210 931 2262 τοῖς
970 2201 1357 2268 τρισυλλάβοις
1396 2200 1534 2252 ὀκτὼ
1575 2202 1751 2252 ὄντων
1791 2210 1901 2253 τῶν

339 2382 390 2420 17
426 2376 764 2420 ἀποτελεστικοὶ
797 2375 852 2419 of.
879 2374 1029 2418 Trich.
1059 2379 1157 2429 255,
1176 2379 1201 2417 5

338 2537 362 2574 3
404 2531 659 2587 οὔσης-4
699 2532 924 2588 βραχειῶν
964 2544 1050 2574 om
1089 2531 1132 2575 U
1177 2532 1190 2586 Η
1245 2535 1269 2571 3
1311 2529 1396 2574 δύο
1435 2529 1571 2573 inser.
1604 2529 1852 2573 Mendelss.
1892 2532 1897 2586 1

219 2591 530 2646 συνελθούσης
562 2589 693 2633 codd.
749 2591 763 2645 Η
818 2594 842 2631 5
875 2597 957 2632 τοῦ
990 2603 1077 2632 om.
1116 2591 1159 2634 U
1204 2591 1217 2644 Η
1272 2594 1296 2631 6
1337 2589 1416 2632 καὶ
1456 2589 1552 2661 ἔχει
1579 2589 1648 2642 K,
1690 2589 1782 2632 ἔστι
1821 2591 1901 2632 καὶ

220 2650 309 2705 ἔχει
348 2649 564 2692 Hoerseh.
622 2651 635 2705 Η
691 2654 713 2691 7
757 2666 783 2702 η
822 2648 913 2706 bis]
955 2649 1034 2691 καὶ
1066 2649 1109 2691 U
1149 2651 1163 2704 Η
1219 2653 1271 2689 12
1312 2655 1456 2690 ταῦτα
1488 2647 1642 2690 πάντα
1674 2649 1728 2691 K
1780 2648 1785 2706 Ι
1842 2647 1899 2691 τὰ

219 2723 304 2751 om.
340 2710 382 2752 U
409 2712 422 2764 Η
457 2714 510 2750 14
541 2706 721 2765 τοίνυν]
755 2705 805 2750 δὲ
839 2708 882 2750 U
911 2710 916 2762 Ι
952 2709 1058 2763 post
1091 2706 1182 2750 ἐστι
1215 2706 1319 2750 add.
1359 2708 1402 2751 U
1427 2703 1524 2750 εἷπε
1556 2709 1569 2762 Η
1604 2710 1656 2748 15
1689 2707 1899 2750 δισυλλά-

219 2769 332 2825 βων]
367 2769 601 2837 συλλαβῶν
636 2767 679 2810 U
718 2769 732 2821 Η
782 2770 833 2808 16
867 2766 946 2809 καὶ
980 2766 1022 2823 ὁ]
1056 2767 1135 2809 καὶ
1171 2767 1213 2810 U
1251 2768 1264 2822 Η
1315 2770 1367 2808 18
1400 2765 1564 2821 μέτρον
1596 2764 1772 2820 λέγεται
1806 2767 1861 2809 Κ
1885 2766 1901 2824 Η

219 2832 274 2869 2Ο
299 2825 744 2883 παραλαμβάνονται
770 2825 945 2880 scripsi,
973 2824 1288 2882 λαμβάνονται
1316 2826 1364 2877 U,
1399 2823 1795 2881 συλλαμβάνονται
1821 2826 1895 2881 K}

219 2885 356 2942 κατα]
390 2886 468 2927 καὶ
499 2902 617 2927 κατα
653 2886 725 2940 ΠΗ
751 2889 803 2926 21
837 2891 918 2926 τοῦ
952 2898 1038 2927 om.
1076 2885 1119 2927 U
1143 2886 1156 2939 Η
1182 2888 1235 2925 22
1269 2882 1352 2939 μὲν
1384 2897 1470 2926 om.
1498 2884 1584 2938 ΚΗ
1609 2887 1663 2924 23
1695 2882 1782 2939 γὰρ
1817 2883 1900 2926 ad-

220 2945 316 2987 didi
351 2943 451 2986 coll.
479 2948 578 2995 223
597 2948 621 2986 9

1935 1725 1990 1764 65
