2090 3158
285 167 316 218 J,
325 166 396 218 96
743 166 1053 207 ΓΕΩΡΓΙΟΤ
1084 166 1522 207 ΧΟΙΡΟΒΟΣΚΟΤ

284 321 372 353 ται
420 308 493 373 τῷ
535 303 678 372 λόγῳ
719 300 1069 370 “Ηρωδιανοῦ
1117 307 1190 370 τῷ
1232 299 1314 351 ὅτι
1362 298 1626 353 οὐδέποτε
1675 299 1735 353 ἐν
1780 306 1978 370 παλιμ-

284 385 519 454 βακχείῳ
559 380 709 435 ἔστιν
750 381 953 451 εὑρεῖν]
1003 381 1104 448 τὴν
1143 381 1198 432 ἆ
1240 380 1360 432 ἀντὶ
1400 383 1658 450 βραχείας
1695 386 1977 451 παραλαμ-

285 464 614 532 βανομένην,
656 460 772 514 ἀλλ’
812 461 873 514 ἐν
913 461 1261 532 ἀμφιμάκρῳ,
1303 462 1376 523 ὡς
1415 461 1476 514 ἐν
1515 469 1589 534 τῷ

435 544 583 614 ὁρῶν
622 544 770 596 ἄειδε
809 550 1035 595 τοιαῦτα
1077 541 1151 612 (4,
1181 541 1272 613 17)

233 647 260 679 ‘5
289 626 379 678 καὶ
425 634 539 688 τοῖς
586 625 811 693 ὁμοίοις.
890 623 917 675 ὁ
959 621 1008 675 δ’
1042 621 1383 692 ”Ηλιόὸωρος
1429 621 1617 692 ἔλεγεν
1665 625 1796 677 αὐτὸ
1844 627 1980 678 κατὰ
2013 633 2090 688 (102

289 710 587 776 συνίζησιν.
666 705 972 775 εὑρίσκεται
1014 703 1061 755 δ’
1102 704 1286 766 ἁπλῶς
1325 704 1385 758 ἐν
1416 704 1562 777 μέσῳ
1595 704 1788 768 λέξεως
1819 708 1978 776 κοινὴ

289 788 378 840 καὶ
427 788 487 840 ἐν
533 788 966 856 παλιμβακχείῳ,
998 786 1087 847 ηὼς
1134 784 1223 837 καὶ
1274 788 1422 855 παρὰ
1470 789 1718 859 Τυρταίῳ
1769 788 1976 856 “ῆρωες’

289 867 433 939 (17)·
482 869 625 921 οὕτω
668 869 770 936 γὰρ
813 869 973 934 ε”λαβε
1012 868 1110 919 τὸν
1151 867 1414 936 δεύτερον
1452 869 1598 921 πόδα
1637 877 1735 922 τοῦ
1777 871 1980 938 στίχου.

394 949 601 1002 Ἰστεόν
649 946 709 1001 δὲ
758 949 841 1001 ὅτι
889 956 983 1015 τῆς
1033 956 1223 1016 κοινῆς
1263 953 1540 1018 συλλαβῆς
1579 949 1607 1002 ὁ
1641 949 1982 1018 ῩΗφαιστίων
2015 958 2090 1013 (10

222 1053 264 1084 10
293 1032 427 1101 ὅρον
477 1031 578 1083 οὐκ
627 1025 801 1096 εἶπεν,
851 1030 918 1082 οὐ
966 1029 1070 1098 γὰρ
1112 1032 1226 1081 ἔστι
1265 1033 1447 1098 κοινή·
1500 1032 1586 1083 διὸ
1627 1035 1805 1094 καλῶς
1845 1031 1982 1100 φησὶ

290 1110 363 1183 (3,
389 1110 447 1184 4)
490 1114 745 1180 γίνεται
786 1107 852 1163 δὲ
893 1111 1081 1178 κοινὴ
1121 1111 1210 1162 καὶ
1245 1111 1345 1163 οὐκ
1377 1109 1579 1164 ἔστιν·
1621 1114 1703 1165 ὅτι
1745 1115 1847 1183 γὰρ
1882 1114 1983 1167 οὐκ

291 1197 440 1247 ἔστιν
480 1193 710 1259 οὐδεμία
751 1193 997 1260 συλλαβὴ
1038 1193 1214 1259 κοινή,
1255 1192 1451 1261 δῆλον·
1497 1196 1547 1245 ει’
1584 1195 1686 1264 γάρ
1726 1216 1808 1258 τις
1846 1196 1985 1264 ἡμᾶς

291 1274 568 1382 ἐρωτήσει,
600 1277 732 1327 ποία
765 1272 880 1326 ἐστὶ
914 1273 1159 1340 συλλαβὴ
1191 1275 1388 1342 μακρά,
1415 1273 1802 1343 ἀποφαντικῶς
1827 1275 1984 1346 ἐροῦ-

288 1382 389 1429 μεν
438 1363 467 1431 ἡ
515 1383 586 1431 μη
635 1364 726 1415 καὶ
773 1363 804 1431 ἡ
852 1354 958 1430 ᾖσι-1,
1006 1361 1206 1431 ὁμοίως
1244 1362 1334 1414 καὶ
1373 1364 1602 1431 βραχεῖα
1640 1363 1673 1432 ἡ
1714 1384 1780 1433 με
1819 1363 1909 1416 καὶ
1949 1364 1981 1432 ἡ

221 1475 261 1506 15
288 1442 370 1520 ffi-
447 1472 538 1504 και
585 1452 752 1505 παλιν
798 1452 976 1520 μακρὰ
1024 1451 1056 1518 ἡ
1100 1456 1210 1519 χθη
1259 1449 1349 1502 καὶ
1389 1451 1494 1519 <ἡ>
1533 1454 1656 1517 μοι·
1708 1451 1798 1504 καὶ
1839 1452 1983 1521 ὅμως

292 1532 320 1585 ὁ
359 1534 587 1601 ποιητὴς
627 1532 853 1603 ἑκατέρα
891 1533 1106 1585 τούτων
1147 1532 1207 1584 ἐν
1246 1538 1319 1603 τῷ
2013 1543 2069 1584 46

440 1614 698 1683 πλαγχθη
741 1612 856 1667 ἐπεὶ
907 1616 1103 1683 Τροίης
1144 1611 1202 1684 (α
1234 1611 1311 1684 2),

290 1715 379 1747 και
421 1714 481 1747 εν
519 1715 593 1766 τῳ

445 1778 623 1845 ἄνδρα
661 1797 754 1843 μοι
795 1779 986 1828 ἔννεπε
1025 1783 1206 1843 μοῦσα
1245 1773 1303 1846 (α
1339 1774 1394 1846 1)

225 1882 267 1912 20
294 1858 365 1920 ὡς
397 1861 624 1930 βραχεία
656 1857 932 1927 κέχρηται·
974 1856 1063 1909 καὶ
1099 1857 1242 1925 ὅμως
1276 1858 1378 1910 οὐκ
1411 1857 1515 1910 εἰσὶ
1548 1861 1814 1927 βραχεῖαι,
1850 1860 1985 1912 ἀλλὰ

290 1938 473 1992 κοιναὶ
516 1942 781 2008 γίνονται.
859 1946 1023 1991 τοῦτο
1063 1937 1153 1990 καὶ
1196 1937 1282 1990 ἐπὶ
1322 1939 1497 2007 πάσης
1537 1948 1739 2008 κοινῆς.

396 2019 602 2074 ”Ιστεον
650 2021 732 2073 ὅτι
779 2031 891 2073 τῶν
937 2029 1203 2088 τεχνικῶν
1253 2018 1343 2072 καὶ
1390 2031 1662 2088 μετρικῶν
1710 2024 1987 2089 λεγόντων
2020 2031 2090 2085 (1(]Ι

292 2101 417 2171 περὶ
464 2110 558 2170 τῆς
606 2103 771 2170 φύσει
817 2110 1026 2168 μακρᾶς
1071 2102 1143 2169 μὴ
1192 2099 1381 2153 θέλειν
1421 2101 1593 2169 αὐτὴν
1633 2104 1733 2170 τὴν
1770 2104 1986 2173 μακρὰν
2088 2120 2090 2122 ·

295 2185 371 2246 εἰς
427 2192 650 2251 φωνῆεν
705 2185 1030 2250 καταλῆγειν
1077 2183 1165 2234 καὶ
1213 2202 1313 2249 την
1363 2181 1482 2250 ἑξῆς
1529 2185 1674 2251 ἐχειν
1721 2184 1823 2237 ἀπὸ
1874 2205 1987 2253 φω-

229 2288 270 2320 25
296 2268 519 2333 νήεντος
559 2263 883 2332 ἀρχομένην,
925 2263 1062 2316 ἀλλὰ
1098 2264 1314 2325 πάντως
1347 2266 1491 2332 ἔχειν
1529 2264 1728 2330 μεταξὺ
1761 2266 1985 2334 σύμφω-

416 2386 437 2422 1
475 2379 766 2423 Herodianus
807 2380 853 2421 et
893 2379 1171 2422 Heliodorus
1213 2379 1353 2423 schol.
1387 2380 1435 2422 in
1470 2380 1602 2423 Dion.
1630 2381 1735 2424 Thr.
1765 2386 1864 2436 351,
1884 2386 1938 2424 23
1972 2384 1985 2438 ΙΙ

300 2445 351 2483 12
387 2439 527 2482 schol.
562 2439 611 2481 in
643 2438 776 2481 Dion.
804 2438 910 2481 Thr.
939 2443 1038 2492 349
1059 2443 1111 2480 27

417 2548 441 2585 2
476 2559 520 2585 οι
553 2556 640 2585 om.
672 2543 724 2585 K
766 2543 779 2596 ΙΙ
828 2547 852 2581 3
894 2542 942 2585 ἐν
983 2542 1057 2600 τῷ]
1098 2541 1149 2584 τὸ
1194 2542 1356 2598 Π117
1399 2544 1478 2586 καὶ
1518 2543 1735 2599 (1108111.)
1777 2557 1864 2585 om.
1905 2543 1979 2587 U

300 2600 447 2656 ἥρωος
473 2602 517 2645 U
541 2603 553 2656 ΙΙ
587 2606 612 2644 8
647 2597 782 2649 οὗτος
816 2601 858 2644 U
886 2602 916 2674 ΙΙ
933 2605 956 2642 9
991 2601 1226 2656 pertinent
1258 2601 1372 2644 haee
1405 2602 1464 2644 ad
1500 2605 1596 2655 188,
1618 2606 1669 2644 19
1714 2604 1719 2659 Ι
1764 2603 1988 2659 συλλαβῆς

301 2675 386 2703 0111.
424 2662 497 2716 Ul}
524 2664 577 2702 10
613 2657 722 2715 ὅρον
755 2660 839 2702 οὐκ
874 2655 1020 2716 εἶπεν]
1056 2660 1271 2714 οὐδαμῶς
1303 2662 1388 2716 KH
1417 2666 1468 2703 12
1502 2660 1635 2716 κοινὴ
1670 2661 1867 2718 συλλαβὴ
1851 2661 1987 2729 -ΚΗ

303 2739 355 2777 13
391 2734 501 2791 ἐστὶ]
536 2734 628 2776 ἐστὶ
652 2732 786 2788 κοινὴ
814 2734 856 2776 U
878 2736 882 2787 Ι
911 2733 1003 2775 ἀπο
1031 2740 1232 2789 φαντικῆ
1258 2735 1362 2790 (0111.
1383 2734 1591 2790 ἐροῦμεν)
1615 2735 1688 2790 ΠΗ
1716 2739 1769 2777 14
1793 2734 1821 2789 ἡ
1847 2735 1931 2792 βω]
1957 2733 1985 2790 ἡ

303 2807 388 2835 0111.
418 2794 470 2835 K
500 2795 505 2848 Ι
540 2792 567 2847 ἡ
602 2794 795 2850 βραχεῖα
827 2791 855 2846 ἡ
893 2792 965 2847 ΠΗ
993 2796 1044 2834 16
1079 2793 1128 2836 ἐν
1160 2800 1220 2834 τῶ
1254 2807 1339 2835 om.
1377 2794 1422 2837 U-
1444 2795 1458 2848 11
1491 2798 1544 2836 22
1578 2794 1742 2846 πρᾶξις
1774 2792 1984 2847 δευτέρα·

302 2853 406 2906 περὶ
440 2852 575 2906 φύσει
607 2858 787 2906 μακρᾶς
820 2851 868 2902 Π,
904 2851 984 2892 sed
1018 2852 1303 2894 enumeratio
1338 2852 1545 2907 capitum
1577 2852 1623 2894 in
1659 2853 1702 2896 U
1727 2866 1942 2908 perversa
1979 2854 1983 2909 Ι

302 2919 391 2954 τῶν
417 2924 503 2953 om.
534 2911 606 2965 UH
632 2914 685 2952 23
719 2915 799 2965 τῆς
831 2923 917 2952 0111.
947 2911 990 2953 U
