2060 3168
102 1463 160 1502 86

344 178 486 221 X1V1
517 178 663 220 ΠΕΡΙ
692 179 815 220 ΤΗΣ
846 178 1005 220 ΚΑΤΑ
1035 177 1457 220 ΑΝΤΙΠΑΘΕῙΑΝ
1486 175 1722 225 ΜῙΞΕΩΣ
1776 176 1882 230 251

195 313 409 382 πρώτης
463 313 748 381 συζυγίας,
801 310 1052 365 τουτέστι
1104 319 1205 365 τοῦ
1261 313 1604 382 διτροχαίου,
1658 319 1732 380 πῆ
1786 312 1888 379 μὲν

194 396 481 462 βραχεῖαν,
522 394 611 446 ὅτε
649 392 740 446 καὶ
780 391 1068 462 ἑξᾶσημος,
1106 401 1180 462 πῆ
1222 394 1284 447 δὲ
1323 393 1560 464 μακράν,
1601 394 1691 446 ὅτε
1728 392 1888 446 ἑπτά-

195 489 380 543 σημος.
442 467 566 528 οἷον
603 476 855 545 καθαρὸν
894 482 1072 544 σχῆμα
1110 472 1239 544 ἕχον
1279 473 1546 544 ἑξάσημόν
1577 473 1692 527 ἐστι
1723 482 1886 528 τοῦτο

341 559 709 626 ποικιλόφρον
749 555 979 609 ἀθανάτ’
1011 555 1315 626 Ἀφρόδιτα.
1434 559 1452 568 “

195 641 304 707 ἔχει
350 639 454 707 γὰρ
501 640 602 707 τὴν
647 636 872 708 πρώτην
911 639 1227 708 διτρόχαιον
1265 636 1355 690 καὶ
1396 638 1455 691 τὸ
1496 638 1760 707 δεύτερον
1798 658 1887 707 χο·
1935 662 1955 693 5

195 721 433 789 ρίαμβον
493 721 583 773 καὶ
645 721 747 789 τὴν
802 719 1034 789 ἐσχάτην
1084 718 1138 783 ἐξ
1195 720 1394 787 ἰάμβου
1449 719 1540 772 καὶ
1596 721 1887 788 συλλαβῆς.

196 800 406 873 (ἰστέον
461 800 546 868 δέ,
601 801 686 854 ὅτι
733 800 1025 871 Ἀφρόδιτα
1073 799 1570 871 προπαροξυτόνως
1616 801 1887 869 ἀναγινώ-

193 896 426 936 σκουσιν
464 884 706 950 Αἰολεῖς,
747 882 1138 946 συστέλλοντες
1174 884 1235 936 τὸ
1269 891 1317 936 ἅ.
1395 883 1498 936 οὐκ
1536 880 1626 935 ἐπὶ
1664 883 1890 935 πάντων

195 961 258 1017 δὲ
298 960 715 1031 συστέλλουσιν,
755 962 874 1016 ἀλλ’
913 962 1001 1017 ἐπὶ
1039 967 1227 1033 μόνων
1258 974 1369 1018 τῶν
1399 967 1623 1034 κυρίων.
1685 964 1752 1016 τὰ
1782 965 1886 1033 γὰρ

193 1047 266 1114 μὴ
307 1047 440 1099 ὄντα
480 1046 644 1115 κύρια
683 1046 811 1098 οὔτε
844 1045 1244 1099 συστέλλουσιν
1276 1047 1403 1100 οὔτε
1434 1044 1888 1116 προπαροξύνου-
1913 1069 1955 1102 10

194 1142 309 1195 σιν,
364 1125 485 1179 ἀλλ’
529 1127 782 1179 ἀθανάτα
837 1126 974 1196 φασὶ
1027 1125 1450 1198 παροξυτόνως).
1534 1128 1595 1180 τὸ
1644 1127 1777 1180 αὐτὸ
1826 1127 1888 1179 δὲ

192 1207 394 1278 μέτρον
434 1208 548 1261 ἐστὶ
587 1207 678 1261 καὶ
718 1207 805 1261 ἐπὶ
845 1217 944 1261 τοῦ

341 1298 441 1342 παῖ
479 1290 619 1352 Διὸς
659 1291 977 1359 δολοπλόκε,
1017 1292 1278 1359 λίσσομαί
1313 1304 1374 1344 σε
1412 1288 1637 1363 (Sapph.
1667 1290 1713 1358 1,
1738 1287 1796 1360 2)

193 1370 283 1424 καὶ
324 1370 412 1425 ἐπὶ
451 1379 551 1424 τοῦ

342 1455 414 1521 μή
452 1451 507 1519 μ’
546 1454 731 1506 ἄσαισι
770 1452 895 1523 μήδ’
936 1453 1143 1506 ὀνίαισι
1183 1454 1363 1522 δάμνα
1404 1451 1627 1525 (Sapph.
1656 1455 1704 1522 1,
1728 1450 1803 1524 3).
1911 1477 1953 1509 15

307 1533 419 1605 (43,
444 1532 538 1605 21)
581 1535 809 1600 Θάτερον
850 1538 909 1588 δὲ

344 1617 482 1669 ἀλλὰ
520 1617 652 1669 ‘ruffi'
695 1617 803 1670 ἔλθ’
843 1617 1040 1670 αἴποτα
1079 1617 1191 1686 κᾷτ’
1231 1618 1430 1744 ἕρωταβ·

194 1735 315 1788 ὥετ
357 1735 490 1787 εἶναι
529 1737 626 1788 τὸν
667 1737 870 1789 κανόνα
909 1739 1181 1789 τοιοῦτον·
1233 1741 1311 1801 βα.
1363 1693 1441 1801 βα.
1492 1740 1641 1801 βααβ.
1692 1740 1771 1802 αβ.
1814 1693 1884 1788 3³.

192 1818 253 1869 τὸ
294 1815 483 1884 ἕτερον
516 1816 593 1884 δέ,
634 1816 806 1870 οιονεὶ
838 1818 898 1870 τὸ
932 1819 1060 1886 ἑχον
1094 1816 1408 1885 ἑπτασημον
1439 1818 1542 1885 τὴν
1572 1819 1886 1887 τροχαῖκήν,

192 1896 309 1951 ἔστι
347 1907 604 1951 τοιοῦτον
1911 1921 1954 1953 20

345 1980 481 2032 ἀλλὰ
519 1978 672 2032 τυΐὸ’
709 1976 842 2032 ἔλθ’
880 1986 1076 2033 αἵποτα
1115 1976 1242 2033 κᾶτ’
1279 1978 1469 2051 ἔρωτα.

195 2064 303 2130 ἔχει
345 2063 448 2131 γὰρ
488 2063 589 2130 τὴν
627 2063 851 2131 πρώτην
890 2064 1157 2131 συζυγίαν
1196 2060 1255 2115 ἐκ
1294 2064 1554 2132 τροχαίου
1594 2061 1683 2115 καὶ
1718 2077 1885 2116 σπον-

195 2144 364 2196 δείου.
445 2143 627 2196 ἰστέον
680 2145 784 2214 γὰρ
841 2143 925 2196 ὅτι
970 2143 1003 2212 ἡ
1051 2147 1147 2196 τυῐ·
1194 2145 1291 2210 μία
1339 2142 1453 2197 ἐστὶ
1501 2145 1748 2212 συλλαβὴ
1797 2142 1886 2197 καὶ

195 2345 282 2383 244
315 2279 597 2383 ’ῙῖΟἰστέον-
619 2286 670 2324 11
705 2281 1032 2336 παροξυτόνως
1063 2281 1204 2325 schol.
1230 2282 1295 2325 ΚΞ
1320 2282 1411 2325 AV
1437 2286 1521 2326 150
1554 2282 1616 2325 ad
1649 2287 1719 2337 83,
1739 2287 1778 2326 3.
1827 2282 1884 2327 cf.

314 2463 340 2500 3
373 2457 602 2514 ἑξασημον
626 2458 862 2514 Hoersch„
897 2455 1126 2516 ἕξάσημον
1159 2460 1211 2504 δὲ
1243 2460 1295 2514 U,
1330 2458 1593 2516 ἑπτάσημον
1620 2461 1672 2504 Κ
1692 2461 1706 2516 ΙΙ
1732 2465 1759 2503 4
1782 2476 1886 2503 ποι-

193 2515 429 2573 κιλόφρων
450 2518 511 2570 Κ,
543 2516 876 2573 ποικιλλόφρον
903 2519 977 2574 Ul!
1003 2523 1028 2561 5
1062 2518 1149 2575 γὰρ
1174 2533 1263 2562 om.
1285 2495 1359 2575 ’ΠΙ
1387 2518 1469 2575 τὴν
1494 2519 1681 2575 πρωτην
1707 2519 1885 2576 scripsi,

193 2584 377 2647 πρῶτον
414 2577 463 2630 U,
495 2577 545 2620 τὸ
578 2584 764 2632 πρῶτον
798 2578 851 2620 Κ
890 2580 904 2634 ΙΙ
952 2582 976 2620 6
1012 2578 1057 2630 ἐξ
1090 2592 1176 2622 om.
1208 2579 1253 2624 U
1289 2580 1304 2635 11
1352 2582 1375 2620 7
1410 2576 1645 2633 ἀφροδίτα
1680 2579 1729 2632 U,
1762 2579 1885 2622 ἀθα-

195 2652 314 2679 νατα
339 2637 394 2679 Κ
418 2611 559 2678 li’tter.
586 2639 718 2679 θανα
750 2636 947 2680 fortasse
979 2637 1028 2679 in
1051 2651 1140 2680 ras.
1171 2639 1176 2693 Ι
1203 2636 1533 2692 παροξυτόνως
1559 2638 1603 2681 U
1619 2640 1633 2694 ΙΙ
1658 2642 1682 2680 9
1717 2637 1815 2681 ἀλλ’
1829 2665 1887 2670 -

197 2699 251 2737 10
278 2693 598 2738 συστέλλουσιν
624 2709 710 2738 om.
741 2697 803 2740 U
811 2696 888 2746 {10
914 2695 1019 2740 οὔτε
1037 2698 1139 2754 (pr.)
1162 2696 1487 2747 Hoersch,o1'>
1507 2697 1561 2739 K
1583 2698 1589 2752 Ι
1618 2696 1722 2740 οὔτε
1747 2696 1844 2753 (alt.
1848 2697 1884 2755 )]

195 2753 306 2798 οὐδὲ
333 2755 407 2827 Ujl
433 2758 545 2797 10——
552 2759 604 2798 11
639 2753 983 2808 παροξύνουσιν
1008 2755 1051 2799 U
1070 2758 1084 2812 ΙΙ
1112 2762 1164 2798 13
1197 2754 1459 2799 ὃολοπλόκα
1484 2756 1538 2799 Κ
1561 2759 1566 2810 Ι
1594 2754 1778 2811 λίσομαί
1801 2757 1855 2801 Κ
1873 2759 1887 2813 ΙΙ

198 2817 252 2855 15
285 2813 444 2856 ἄσαισι
477 2814 554 2869 ΠΙ
589 2811 768 2857 ἀνίαισι
801 2815 888 2870 KH
915 2819 966 2857 17
1002 2816 1049 2858 et
1080 2820 1134 2858 21
1170 2814 1332 2859 αἴποτε
1365 2816 1416 2858 Κ
1438 2817 1452 2871 ΙΙ
1479 2819 1531 2857 17
1566 2813 1801 2868 κατέρωτα
1834 2817 1887 2865 U,

194 2888 305 2987 κατἸ
331 2871 478 2975 {qm}
510 2873 563 2915 K
592 2875 606 2928 ΙΙ
640 2877 693 2916 18
727 2873 788 2924 ὡς
822 2874 866 2918 U
900 2875 906 2930 Ι
950 2873 1047 2932 (βᾶ
1079 2873 1239 2933 (βαβα
1270 2875 1404 2932 ἀβαθ
1437 2873 1521 2930 (nil
1554 2873 1771 2931 amplius)
1804 2875 1847 2919 U
1875 2878 1887 2926 ΙΙ

195 2947 283 2987 γαρ
370 2947 389 2975 ε
