2090 3158
133 1067 175 1099 10

132 1473 172 1506 15

131 1880 173 1912 20

203 173 275 226 30
403 175 825 216 ΗΦΑΙΣΤΙΩΝΟΣ
856 175 1246 216 ΕΓΧΕΙΡΙΔΙΟΝ
1278 175 1423 215 ΠΕΡΙ
1452 174 1711 216 ΜΕΤΡΩΝ.

201 312 458 378 τρίμετρα
499 307 558 362 δὲ
599 302 723 362 οἷον
761 310 822 361 τὸ
857 307 1249 378 Ἀνακρέοντος
1289 307 1407 379 (31)
1924 318 1977 358 31

425 390 806 460 δακρυόεσσάν
844 388 889 442 τ’
937 389 1199 459 ἐφίλησεν
1238 390 1462 458 αἰχμάν·

200 472 530 541 τετράμετρα
569 471 646 540 δέ,
687 470 720 523 ἃ
758 472 846 524 καὶ
890 470 1252 540 συνεχέστερά
1291 470 1465 539 ἐστιν,
1506 464 1595 523 οἷα
1632 471 1787 523 ταυτὶ
1826 473 1892 523 τὰ

200 556 475 622 Σαπφοῦς
514 551 632 624 (60)

425 634 587 688 δεῦτέ
607 655 714 687 νυν
739 634 903 703 ἁβραὶ
928 635 1160 702 Χάριτες
1183 635 1508 700 καλλίκομοί
1528 653 1585 686 τε
1608 637 1838 686 Μοῖσαι.

201 717 285 783 (3)
329 715 622 786 Ἀνακρέων
655 712 714 768 δὲ
755 714 1080 784 ἐπετήδευσε
1119 716 1219 783 τὴν
1257 717 1481 783 πρώτην
1514 718 1780 783 συζυγίαν
1813 715 1886 768 δι’

200 798 333 851 ὅλου
381 797 620 868 ᾄσματος
668 796 726 849 ἐκ
773 796 1095 866 τριβραχέος
1142 797 1231 848 καὶ
1281 797 1481 864 ἰάμβου
1528 804 1778 865 ποιῆσαι,
1819 798 1892 859 ὡς

200 877 341 933 εἶναι
381 881 576 948 κοινὴν
616 879 779 932 λύσιν
818 887 913 946 τῆς
951 898 1008 930 τε
1047 881 1407 948 χοριαμβικῆς
1449 879 1537 930 καὶ
1577 885 1672 945 τῆς
1712 880 1888 945 ἰαμβι-

200 970 297 1029 κῆς
338 960 551 1032 (Anaer.
585 958 679 1028 24)

408 1041 741 1108 ἀναπέτομαι
761 1043 827 1110 δὴ
845 1040 1269 1110 πρὸςὍλυμπον
1284 1041 1613 1109 πτερύγεσσι
1638 1041 1888 1109 κούφαις.

198 1127 341 1177 πολὺ
375 1122 422 1176 δ’
464 1123 574 1176 ἐστὶ
615 1124 705 1176 καὶ
744 1124 804 1175 τὸ
843 1124 980 1192 πρὸς
1019 1131 1082 1192 τῇ
1130 1122 1442 1175 κατάκλειδι
1482 1123 1583 1190 τὴν
1623 1122 1890 1191 δευτέραν
1924 1127 2022 1186 [57]

199 1207 465 1273 συζυγίαν
513 1206 771 1273 ἰαμβικὴν
825 1202 978 1273 ἔχον,
1043 1198 1164 1257 οἷόν
1226 1203 1339 1256 ἐστι
1386 1205 1533 1272 παρὰ
1585 1200 1687 1270 μὲν
1735 1202 1890 1256 Ἀνα-

198 1286 414 1355 κρέοντι
458 1285 576 1357 (23)
1801 1352 1803 1355 7

421 1367 479 1420 ἐκ
510 1375 760 1434 ποταμοῦ
795 1366 1154 1437 ’πανέρχομαι
1177 1367 1356 1419 πάντα
1379 1365 1629 1436 φέρουσα
1653 1368 1889 1436 λαμπρά,

197 1450 343 1519 παρὰ
383 1446 442 1501 δὲ
493 1448 873 1517 Ἀριστοφάνει
914 1448 973 1501 έν
1013 1447 1318 1519 Ἀμφιάρεῳ
1359 1445 1480 1518 (30)

420 1525 546 1583 οἶδα
578 1527 678 1596 μὲν
703 1530 934 1599 ἀρχαῖόν
958 1550 1008 1582 τι
1043 1531 1209 1598 δρῶν,
1234 1530 1391 1598 κούχὶ
1418 1527 1605 1596 λέληθ’
1638 1528 1898 1601 ε’μαυτόν..

309 1612 392 1681 (4)
420 1613 528 1664 Καὶ
561 1619 635 1682 τῷ
668 1611 1014 1682 πενταμέτρςο
1049 1609 1108 1663 δὲ
1139 1613 1489 1679 Καλλίμαχος
1521 1611 1654 1663 ὅλον
1685 1613 1890 1678 ποίημα

196 1694 294 1746 τὸν
333 1694 591 1762 Βράγχον
632 1692 906 1761 συνέθηκε
948 1690 1065 1763 (36)

421 1776 677 1841 δαίμονες
716 1775 1079 1841 εὐυμνότατοι
1117 1773 1291 1842 Φοῑβέ
1333 1793 1389 1825 τε
1437 1774 1527 1825 καὶ
1571 1776 1679 1825 Ζεῦ
1719 1774 1891 1825 Διδύ-

1456 1874 1574 1920 μων
1613 1855 1887 1923 γε-νάρχαι.

202 1939 426 2002 Φίλικος
474 1935 532 1990 δὲ
581 1937 608 1990 ὁ
649 1940 1016 2006 Κερκυραῖος,
1073 1930 1149 1999 εἷς
1189 1937 1267 1988 ὢν
1304 1943 1399 2003 τῆς
1441 1935 1730 2002 Πλειάδος,
1771 1934 1887 1998 ἑξα-
1923 1940 2020 1998 [58]

197 2018 371 2090 μέτρῳ
413 2018 724 2087 συνέθηκεν
763 2019 896 2071 ὅλον
936 2021 1144 2086 ποίημα

418 2108 480 2170 τῇ
522 2103 723 2169 χθονίῃ
763 2101 998 2166 μυστικὰ
1037 2101 1294 2168 Δήμητρί
1329 2119 1386 2151 τε
1423 2098 1513 2150 καὶ
1558 2100 1886 2167 Φερσεφόνῃ

1175 2180 1263 2232 καὶ
1304 2178 1575 2250 Κλυμένῳ
1615 2180 1681 2231 τὰ
1721 2180 1885 2246 δῶρα.

316 2332 340 2370 2
390 2327 529 2370 schol.
579 2328 628 2370 in
669 2326 884 2383 Hermog.
919 2327 994 2368 Rh
1028 2325 1168 2368 GVH
1193 2330 1292 2380 988,
1321 2330 1372 2368 11
1429 2327 1442 2381 ΙΙ
1499 2329 1523 2367 5
1555 2324 1630 2367 Αΐι.
1671 2325 1795 2367 Forb.
1822 2324 1885 2366 VI

197 2390 304 2441 301,
332 2391 382 2428 11
439 2388 453 2442 Η
509 2391 561 2429 17
611 2386 711 2430 Ter.
762 2385 906 2430 Maur.
932 2385 995 2428 VI
1029 2389 1112 2428 381
1147 2399 1187 2427 v.
1218 2389 1330 2427 1883
1347 2399 1444 2439 sqq.
1515 2383 1627 2426 Mar.
1675 2382 1884 2426 Plot.V1

198 2450 296 2499 536,
324 2450 390 2488 14.
433 2445 555 2488 Serv.
581 2445 644 2487 IV
667 2449 767 2497 463,
798 2450 863 2487 13.
908 2444 1022 2487 Mar.
1055 2443 1176 2488 vict.
1195 2444 1259 2487 VI
1283 2448 1360 2497 86,
1395 2447 1450 2486 30
1475 2446 1488 2495 ΙΙ
1513 2447 1565 2485 21
1602 2441 1727 2486 Caes.
1756 2443 1881 2485 Bass.

196 2503 258 2546 VI
276 2508 375 2558 263,
394 2509 627 2558 23-264,
648 2509 684 2546 1.
730 2504 843 2546 Mar.
870 2503 1053 2547 Plot.V1
1072 2507 1171 2556 536,
1192 2507 1259 2546 18.
1305 2501 1697 2556 Mar.Vict.V186‚
1717 2505 1770 2543 27

316 2634 340 2671 2
374 2628 662 2684 δακρυόεσσά
694 2646 741 2672 τε
775 2627 965 2684 φίλησεν
999 2628 1169 2685 αἰχμήν
1202 2629 1275 2671 Rh
1301 2627 1442 2672 GVH
1466 2631 1565 2680 988,
1594 2631 1644 2670 11
1698 2628 1703 2681 1
1753 2624 1881 2680 τεφί-

195 2690 330 2743 λησεν
358 2689 449 2731 DI
467 2691 481 2745 ΙΙ
506 2695 531 2732 5
558 2687 689 2732 δεῦτέ
713 2705 797 2731 νυν
823 2690 869 2739 Ι,
897 2689 1027 2731 δεῦτε
1053 2694 1140 2731 νῦν
1164 2689 1268 2731 AD
1296 2689 1301 2743 1
1330 2686 1471 2744 ἅβραι
1499 2686 1534 2729 C
1560 2688 1564 2742 Ι
1593 2692 1750 2740 μοῖσαι
1773 2685 1881 2739 DI,

196 2753 363 2802 μοῦσαι
387 2749 432 2791 A
486 2750 500 2803 ΙΙ
554 2753 579 2791 8
627 2753 708 2802 τῆς
751 2747 916 2802 (alter.)
950 2761 1036 2789 om.
1071 2748 1119 2800 I,
1167 2747 1246 2790 καὶ
1291 2752 1372 2801 τῆς
1411 2745 1626 2802 ἰαμβικῆς
1665 2757 1751 2787 om.
1787 2745 1837 2786 D
1869 2747 1882 2798 3}

199 2810 250 2848 11
277 2805 542 2850 κατάκλειδι
568 2808 613 2850 Α
636 2809 649 2860 ΙΙ
677 2812 730 2848 15
756 2805 998 2861 ἀμφιάρεω
1026 2806 1097 2858 H,
1130 2805 1371 2860 ἀμφιάρωι
1395 2805 1460 2859 A,
1487 2802 1739 2859 ἀμφιαράω
1765 2802 1877 2860 DI}

198 2865 395 2923 ἀρχαῖον
412 2882 456 2908 τι
474 2867 597 2919 δρῶν
616 2867 735 2913 AD,
754 2865 951 2920 ἀρχαῖον
969 2861 1012 2906 τ’
1043 2865 1156 2907 ἰδών
1182 2866 1215 2907 Ι
1232 2866 1246 2920 Η
1271 2869 1323 2906 21
1346 2861 1539 2919 φίλη-λος
1555 2863 1618 2917 ΙΙΙ
1644 2865 1698 2903 23
1723 2875 1881 2917 μυστι-

198 2923 256 2966 κὰ
288 2925 360 2978 Η,
400 2931 616 2979 μυστικᾶ,
658 2924 732 2966 eui
770 2924 907 2966 rubro
942 2925 1105 2966 acutus
1139 2923 1326 2966 additus
1360 2924 1431 2965 est
1462 2923 1509 2975 Ι,
1549 2927 1740 2977 μυστικῆ
1775 2921 1882 2963 AD
