2090 3158
220 171 323 222 144
911 174 1143 215 ΣΧοΛΙΑ
1173 174 1212 214 Α

215 305 590 375 άκατάληκτον
641 307 743 377 γάρ
794 306 928 359 ἐστι·
984 307 1072 359 καὶ
1119 307 1180 359 τὸ
1231 305 1350 375 ἑξῆς
1396 308 1563 360 πάλιν
1609 311 1899 378 τρίμετρον
1934 318 2016 358 188

214 386 586 456 ἀκατάληπτον
642 387 700 441 ἐκ
765 389 868 441 δύο
924 388 1309 441 άντισπάστων
1362 390 1451 442 καὶ
1509 391 1611 442 δύο
1667 390 1900 460 ἰάμβωνε

214 499 286 504 -
318 468 357 520 Ι
361 468 428 520 Μ

326 549 411 618 33,
432 550 501 601 14
533 549 962 604 ἀντισπαστικὸν
993 553 1283 619 τρίμετρον
1316 551 1704 621 ἀκατάληπτον,
1745 552 1773 605 ὃ
1805 573 1898 605 κα·
1932 559 2029 618 [64]

214 634 383 683 λεῑται
433 630 714 684 Άλκαϊκὸν
769 632 1287 700 δωδεκασύλλαβον,
1344 634 1534 686 ποδῶν
1584 633 1772 686 ἁπλῶν
1825 633 1897 702 ἕξ,

214 719 308 779 τῆς
346 711 513 780 μέσης
553 714 725 779 μόνης
764 712 1190 781 ἄντισπαστικῆς
1229 715 1414 782 οὔσης,
1456 713 1799 783 ἑκατέρωθεν
1838 712 1898 767 δὲ

216 794 488 862 ἰαμβικῆς·
540 793 644 846 άπὸ
687 794 1223 863 σπονδείουῆρξατο
1263 803 1362 848 τοῦ
1403 798 1642 867 κόλπῳ,
1690 797 1722 864 ἡ
1762 795 1897 865 μέση

215 871 273 925 δὲ
315 873 708 943 ἁντισπαστικὴ
749 875 835 927 καὶ
877 876 1012 943 αὐτὴ
1046 875 1360 946 ἀδιάφορον
1391 875 1592 946 ἔχουσα
1624 878 1721 930 τὸν
1752 886 1898 947 πρῶ-

213 974 311 1008 τον
348 957 514 1008 πόδα·
556 958 848 1018 σπονδεῖος
887 958 1014 1026 γάρι
1052 988 1126 994 -
1160 958 1275 1009 IM

325 1037 410 1105 33,
439 1038 616 1091 17.18
665 1039 726 1091 τὸ
775 1040 1136 1108 τετράμετρον
1182 1042 1578 1106 καταληπτικόν
1625 1038 1800 1108 ἐστιν,
1841 1039 1900 1093 ἐκ

212 1128 381 1187 τριῶν
421 1119 802 1172 ἁντισπάστων
841 1119 931 1173 καὶ
975 1121 1173 1188 ἰάμβου
1214 1122 1302 1174 καὶ
1337 1124 1626 1190 συλλαβῆς.
1692 1119 1807 1174 ἔστι
1841 1119 1900 1174 δὲ

211 1201 400 1252 ποδῶν
426 1200 615 1254 ἁπλῶν
640 1200 772 1254 ἑπτὰ
804 1203 892 1254 καὶ
918 1205 1207 1270 συλλαβῆς.
1235 1234 1303 1239 —
1329 1202 1583 1272 τέταρτος
1612 1202 1898 1271 ἐπίτριτος,

213 1277 328 1332 εἶτα
382 1281 767 1351 άντίσπαστος,
827 1280 941 1336 εἶτα
997 1283 1361 1346 άντίσπαστος
1414 1284 1503 1336 καὶ
1561 1288 1755 1353 ἴαμβος
1809 1282 1898 1336 καὶ

213 1366 471 1431 συλλαβή.
557 1359 672 1416 εἶτα
725 1365 893 1418 πάλιν
950 1363 1060 1433 [ἐπὶ
1110 1372 1210 1417 τοῦ
1258 1368 1439 1431 οἴνου]
1488 1364 1740 1435 τέταρτος
1788 1364 1900 1418 ε’πί-

212 1464 414 1514 τριτος,
462 1439 578 1498 εἶτα
625 1446 1014 1515 ἀντίσπαστος,
1061 1447 1230 1499 πάλιν
1270 1446 1658 1515 ἀντίσπαστος,
1708 1450 1900 1515 ἴαμβος

213 1526 303 1578 καὶ
344 1530 613 1595 συλλαβή;
652 1559 725 1565 —
759 1528 875 1580 IM

324 1608 409 1676 34,
436 1609 466 1659 9
509 1610 611 1661 δύο
655 1612 861 1678 ἴαμβοι,
913 1609 1290 1677 άντίσπαστος,
1338 1618 1483 1678 τρεῖς
1524 1613 1728 1678 ἴαμβοι,
1770 1613 1899 1661 συλ-

215 1691 374 1757 λαβή·
414 1688 503 1741 καὶ
543 1691 603 1742 τὸ
646 1689 766 1758 ἑξῆς
804 1698 1082 1743 τοιοῦτον;
1122 1722 1195 1727 -
1227 1690 1342 1742 IM

325 1770 410 1838 34,
439 1772 507 1822 14
553 1773 743 1824 ποδῶν
790 1771 979 1824 ἁπλῶν
1027 1771 1191 1839 ὀκτώ,
1242 1780 1335 1840 τῆς
1381 1773 1692 1834 τελευταίας
1740 1775 1900 1835 συζυ-
1933 1777 2029 1835 [66]

214 1854 334 1919 γίας
383 1854 636 1921 ἰαμβικῆς
683 1854 871 1922 οὔσης·
927 1862 1072 1922 τρεῖς
1119 1853 1502 1921 ἁντίσπαστοι,
1551 1855 1653 1906 δύο
1696 1855 1898 1921 ἴαμβοι,

215 1933 586 2001 ἀκατάληκτον
626 1934 752 2004 γάρε
792 1965 865 1972 —
897 1935 1014 1986 IM

325 2014 410 2083 34,
439 2015 505 2067 16
538 2023 702 2068 τοῦτο
736 2015 1163 2069 άντισπαστικόν
1196 2016 1309 2070 ἐστι
1343 2017 1704 2085 τετράμετρον
1734 2016 1899 2084 ὑπερ-

213 2096 567 2164 κατάληκτον,
607 2095 635 2149 ὃ
675 2100 916 2149 καλεῖται
957 2101 1269 2167 Σιμμιέιον,
1309 2100 1497 2151 ποδῶν
1537 2097 1726 2149 ἁπλῶν
1758 2097 1897 2150 ὀκτὼ

212 2175 302 2229 καὶ
366 2181 640 2246 συλλαβῆς
701 2186 841 2246 μιᾶς.
935 2177 1021 2230 ἐπὶ
1077 2180 1181 2248 γὰρ
1237 2189 1348 2231 τῶν
1408 2178 1899 2247 ὑπερκαταλήκτων

143 2304 164 2314 -
214 2260 425 2310 τίθεται
481 2260 726 2326 συλλαβὴ
780 2262 891 2328 μία.
976 2261 1081 2312 εἰσὶ
1139 2257 1198 2312 δὲ
1253 2259 1314 2313 ἐν
1367 2261 1544 2331 τούτῳ
1599 2266 1673 2331 τῷ
1721 2259 1896 2330 μέτρῳ

213 2348 357 2407 τρεῖς
419 2339 775 2392 ἀντίσπαστοι
837 2339 961 2408 <uoci
1026 2341 1128 2394 δύο
1194 2342 1414 2409 ἴαμβοι)
1468 2339 1558 2393 καὶ
1619 2342 1714 2406 μία
1770 2345 1898 2393 συλ-

215 2423 373 2488 λαβήε
413 2452 485 2457 -
518 2421 635 2472 ΙΜ

331 2571 357 2608 4
390 2565 709 2623 ἀκατάληπτον
741 2567 894 2620 Tum,
931 2567 1267 2624 καταληκτικόν
1301 2570 1334 2611 Ι
1339 2570 1400 2611 Μ
1419 2570 1432 2624 ΙΙ
1459 2572 1482 2610 7
1515 2567 1620 2610 fort.
1655 2566 1896 2623 ἰαμβικῶν,

213 2624 269 2666 cf.
303 2624 450 2680 Heph.
479 2630 547 2679 33,
569 2631 619 2668 11
676 2629 690 2682 11
747 2631 918 2670 12-16
960 2627 1165 2682 analysis
1197 2641 1410 2670 versuum
1449 2640 1541 2669 non
1574 2626 1774 2681 quadrat
1805 2626 1896 2668 nisi

216 2684 274 2725 ad
309 2689 562 2739 33‚17.18;
595 2686 754 2740 itaque
786 2700 853 2728 vv.
890 2686 965 2729 ἐπὶ
996 2693 1078 2728 τοῦ
1113 2685 1243 2730 οἴνου
1278 2685 1443 2729 seclusi
1477 2688 1549 2742 (ea
1582 2699 1636 2728 ex
1670 2682 1896 2739 ἐπίτριτος

213 2745 430 2799 corrupta,
470 2758 568 2787 esse
601 2758 719 2787 cens.
747 2744 974 2801 Wilam.);
1014 2745 1150 2802 volgo
1183 2746 1356 2801 (Pauw)
1397 2745 1568 2787 lemma
1602 2746 1895 2799 praeponunt

213 2802 529 2846 καττύπτεσθε
569 2807 583 2858 Η
624 2808 677 2846 13
704 2800 802 2847 εἶτα
835 2806 918 2859 (pr.
951 2804 1019 2860 l.)]
1053 2801 1119 2853 εἶς
1151 2805 1282 2847 codd.
1323 2807 1336 2859 Η
1379 2809 1430 2846 1ῐ)
1472 2799 1589 2860 εἶτα]
1628 2800 1692 2851 εἷς
1723 2803 1855 2845 codd.
1882 2805 1893 2858 Η

217 2865 269 2903 19
305 2859 518 2918 συζυγίας
548 2862 703 2916 PaUW‚
738 2864 961 2919 συλλαβῆς
993 2863 1124 2905 codd.
1151 2866 1164 2918 ΙΙ
1191 2869 1244 2905 23
1278 2860 1509 2918 Σιμιακόν
1540 2861 1688 2917 Heph.
1717 2865 1785 2913 34,
1807 2865 1859 2904 18
1881 2866 1894 2917 ΙΙ

214 2925 269 2962 26
304 2922 453 2963 καὶ-
474 2920 631 2979 ἴαμβοι
663 2922 796 2963 inser.
824 2922 964 2964 Pauw
