2090 3158
836 151 1168 194 PRAEFATIO
1723 149 1850 193 XVII

466 323 527 368 11
579 323 661 368 De
702 323 1080 368 Choerobosci
1118 323 1544 368 commentario,

274 423 478 471 Praeter
531 423 831 470 scholiorum
886 438 1092 484 corpora
1146 424 1410 471 continuus
1465 426 1679 470 aetatem
1731 423 1849 471 tulit

163 499 544 546 commentarius
584 496 788 560 Georgii
826 495 1152 544 Choerobosci
1201 498 1366 557 capita
1404 496 1621 544 I—XIV
1649 500 1678 544 2
1719 512 1847 544 com-

162 572 348 633 plexus.
424 570 566 618 Vidit
606 587 720 619 eum
757 573 810 618 in
849 570 1014 619 codice
1055 569 1377 618 Saibantiano
1413 573 1702 631 saepissime
1741 572 1848 619 lau-

163 646 279 693 dato
317 647 419 692 iam
450 643 776 706 Gaisfordius,
814 645 900 692 sed
939 647 1198 692 contentus
1237 647 1345 692 erat
1384 645 1590 692 disiecta
1627 645 1848 692 membra

160 719 242 767 hic
294 719 399 767 illic
453 722 572 766 nota
618 718 658 766 S
708 719 880 766 addita
932 720 1062 766 inter
1114 718 1302 766 scholia
1349 721 1493 780 quasi
1539 719 1847 767 abscondere,

161 793 373 841 Ratione
420 796 469 841 et
515 795 598 841 via
646 809 758 841 eum
807 794 995 854 primus
1041 794 1330 855 recognovit
1369 792 1847 841 Hoerschelmannus

162 865 652 928 Choeroboscumque
692 882 796 915 esse
836 870 1101 927 auctorem,
1141 868 1236 914 etsi
1274 868 1378 914 eius
1416 882 1594 914 nomen
1632 869 1684 914 in
1716 867 1847 915 codi-

161 941 299 989 cibus
337 957 436 990 non
475 943 680 1001 invenit,
720 957 831 988 cum
869 941 1089 1002 reliquos
1130 939 1457 988 Choerobosci
1493 940 1646 989 libros
1684 957 1847 1002 respe-

159 1017 331 1076 xisset,
374 1030 464 1062 suo
511 1017 618 1062 iure
657 1007 960 1080 conclusit.¹)
1036 1014 1144 1061 Iam
1190 1017 1361 1075 postea
1407 1015 1528 1062 haec
1566 1017 1849 1063 coniectura

158 1091 479 1150 inscriptione
535 1089 716 1137 codicis
770 1089 987 1136 Parisini
1041 1090 1200 1149 suppl.
1244 1105 1316 1151 gr.
1354 1090 1493 1136 1198
1547 1082 1712 1154 (nobis
1761 1083 1845 1155 R),

162 1179 307 1225 quem
347 1163 629 1226 designavit
666 1163 945 1224 Leopoldus
987 1162 1138 1222 Gohn,
1178 1163 1467 1210 confirmata
1506 1166 1592 1211 est.

269 1237 392 1285 Noti
430 1240 546 1285 sunt
585 1237 746 1285 adhuc
784 1238 839 1285 bi
877 1237 1015 1284 libri:

272 1314 317 1359 1.
358 1311 463 1358 cod.
487 1311 602 1359 Vat.
634 1327 793 1375 graec.
821 1313 912 1372 14,
960 1313 1047 1372 qui
1091 1313 1144 1357 in
1187 1312 1289 1358 152
1342 1326 1464 1372 quas
1504 1311 1848 1371 complectitur
1890 1311 1941 1359 U

156 1385 456 1434 membranis
478 1386 667 1433 formae
686 1380 743 1432 4⁰
765 1387 882 1433 min.
908 1385 1102 1433 saeculo
1118 1384 1436 1432 XIII—XIV
1459 1387 1710 1446 rescriptis
1735 1401 1846 1433 cum

159 1453 311 1523 alia2)
360 1459 594 1520 continet,
631 1463 740 1507 tum
779 1460 894 1506 inde
935 1475 963 1506 a
1009 1460 1093 1507 fol.
1125 1460 1433 1507 1371—149
1482 1475 1595 1506 eum
1641 1459 1699 1505 de
1748 1475 1844 1520 quo

159 1535 351 1596 agimus
391 1535 812 1581 commentarium.
889 1533 1095 1580 Initium
1134 1549 1180 1593 p.
1217 1535 1337 1593 177,
1366 1534 1596 1594 1—182,
1625 1535 1690 1580 12
1724 1534 1845 1581 folio

157 1607 412 1668 deperdito
482 1609 642 1668 periit.
743 1608 973 1655 Excussit
1039 1609 1252 1667 primam
1313 1610 1505 1667 partem
1565 1622 1719 1669 usque
1781 1608 1845 1654 ad

156 1698 204 1742 p.
240 1682 359 1741 187,
387 1683 453 1728 12
503 1680 889 1741 Studemundus,
934 1682 1127 1742 reliqua
1174 1696 1203 1727 a
1252 1679 1590 1728 Studemundo
1639 1684 1844 1744 rogatus

156 1755 413 1818 Augustus
452 1755 582 1802 Mau.

270 1831 316 1876 2.
355 1828 575 1876 Venetus
614 1829 894 1876 Marcianus
931 1830 1036 1876 483
1079 1844 1115 1876 s.
1148 1828 1265 1875 XIV
1296 1829 1380 1876 fol.
1407 1830 1666 1877 471—63r
1695 1829 1844 1889 med.;
1883 1830 1939 1876 K
2038 1856 2042 1859 »

156 1904 215 1952 cf.
256 1918 406 1963 supra
444 1919 491 1963 p.
519 1903 631 1950 VH.
708 1903 932 1963 Peri-aro,
970 1904 1108 1950 velut
1145 1919 1191 1964 p.
1229 1903 1349 1963 185,
1377 1905 1422 1963 7,
1462 1902 1844 1964 deprehenditur

154 1993 329 2024 manus
370 1979 634 2024 correctrix
671 1977 727 2023 K
733 1970 765 2024 ².

270 2052 316 2098 3.
357 2067 414 2098 ex
453 2052 507 2097 K
541 2053 898 2112 transscriptus
939 2054 1014 2099 est
1050 2054 1185 2098 totus
1229 2051 1378 2098 codex
1418 2051 1457 2098 S
1491 2053 1522 2098 i.
1556 2067 1595 2098 e.
1638 2050 1841 2098 Saiban-
1895 2051 1935 2098 S

153 2127 346 2186 tianus,
407 2140 537 2172 nunc
590 2125 892 2172 Bodleianus
950 2125 1095 2173 Auct.
1147 2125 1187 2171 T
1238 2125 1310 2172 IV
1353 2127 1382 2172 9
1440 2141 1476 2172 s.
1520 2124 1697 2172 XV—
1725 2124 1842 2171 XVI

155 2199 240 2247 fol.
276 2192 609 2264 331—52V.3)

267 2275 315 2320 4.
341 2273 444 2320 cod.
462 2273 617 2320 Paris.
637 2274 796 2334 suppl.
815 2290 885 2337 gr.
908 2274 1047 2321 1198
1075 2288 1110 2320 s.
1125 2273 1241 2319 XIV
1258 2274 1341 2320 fol.
1364 2274 1637 2321 2OV—22r.
1668 2273 1727 2319 In
1752 2273 1844 2320 hoc
1883 2273 1931 2319 R

155 2345 321 2395 codice
362 2349 448 2408 qui
486 2351 535 2394 et
573 2349 896 2408 inscriptione
930 2351 978 2395 et
1016 2348 1268 2395 nonnullis
1307 2346 1599 2395 lectionibus
1633 2347 1841 2407 excellit,

154 2422 313 2468 solum
359 2422 560 2468 initium
598 2438 644 2482 p.
682 2423 800 2482 177,
831 2422 1060 2480 1—181,
1089 2423 1154 2468 22
1198 2415 1657 2487 (ἀντιπαθούντων)
1697 2422 1839 2468 inest.

156 2493 379 2542 Contulit
417 2511 580 2542 meum
619 2497 670 2542 in
710 2510 854 2542 usum
892 2495 1236 2543 liberalissime
1274 2495 1339 2541 M.
1377 2495 1499 2542 Ihm.

276 2654 316 2706 1)
350 2651 478 2693 MRh
505 2656 560 2693 36
594 2666 636 2707 p.
664 2655 763 2694 300.

273 2714 316 2766 2)
350 2709 660 2753 Celeberrima
688 2713 758 2753 est
783 2709 996 2752 collectio
1022 2709 1303 2753 scholiorum
1334 2710 1383 2751 in
1408 2709 1621 2765 Dionysii
1646 2708 1838 2752 Thracis

154 2770 303 2812 artem
334 2769 711 2825 conscriptorum,
746 2783 836 2824 quo
871 2769 928 2812 de
959 2769 1143 2812 rettth
1166 2768 1365 2825 Hilgard
1396 2769 1446 2811 in
1477 2768 1683 2812 editione
1707 2768 1837 2812 scho-

151 2826 322 2870 liorum
352 2828 401 2870 in
434 2827 635 2872 Gramm.
663 2827 823 2872 Graec.
848 2827 911 2870 HI
941 2842 986 2883 p.
1012 2827 1118 2870 XIX
1131 2842 1229 2883 sqq.

274 2891 316 2943 3)
348 2886 460 2930 Eius
493 2887 820 2930 auctoritatem
851 2901 944 2930 non
977 2889 1162 2930 secutus
1195 2902 1296 2929 sum
1328 2886 1417 2929 nisi
1449 2902 1492 2942 p.
1515 2890 1612 2938 181,
1632 2891 1670 2929 3.

242 2969 504 3001 annusrmo
530 2969 587 3000 ed.
606 2968 892 3001 Consbruch.
1542 2959 1571 3002 b
