2060 3168
223 173 334 226 304
815 175 1048 216 ΣΧοΛΙΑ
1078 176 1115 216 Β
1149 173 1246 230 (lib.
1264 173 1321 230 V)

337 310 382 361 7.
432 308 636 363 Ἰστέον
684 307 744 362 δὲ
793 310 876 362 ὅτι
923 309 1028 362 ἀπὸ
1076 309 1289 363 τούτων
1328 307 1488 362 ἐννέα
1532 310 1706 377 μόνον
1744 311 1909 372 πόδες

225 401 522 443 συνιστῶσι
568 393 634 444 τὰ
680 389 868 460 μέτρα·
922 391 950 444 ὁ
991 390 1184 456 ἴαμβος
1232 388 1326 459 ἀφ’
1365 386 1432 442 οὗ
1471 390 1532 443 τὸ
1574 391 1840 459 ἰαμβικόν,
1881 391 1908 444 ὁ
1942 401 1998 440 30

223 481 478 540 τροχαῖος
517 471 622 540 ἀφ’
661 469 727 525 οὗ
766 472 827 524 τὸ
869 473 1178 541 τροχαϊκόν,
1219 470 1247 524 ὁ
1289 471 1556 533 δάκτυλος
1595 471 1701 541 ἀφ’
1740 467 1807 525 οὗ
1845 473 1907 526 τὸ

224 553 554 606 ὃακτυλικὸν
599 555 776 622 ἤγουν
823 553 882 605 τὸ
934 553 1196 621 ἡρωϊκόν,
1245 551 1273 604 ὁ
1316 551 1648 616 ἀνάπαιστος
1699 552 1804 622 ἀφ’
1843 551 1909 607 οὗ

179 658 198 690 5
223 635 284 686 τὸ
324 633 739 701 ἀναπαιστικόν,
780 634 808 687 ὁ
849 636 1147 703 χορίαμβος
1186 632 1291 701 ἀφ’
1326 629 1393 685 οὗ
1432 635 1493 687 τὸ
1534 637 1910 703 χοριαμβικόν,

226 714 252 767 ὁ
294 714 658 777 ἀντίσπαστος
693 713 785 782 ἀφ’
819 710 885 768 οὗ
917 716 978 768 τὸ
1013 714 1458 783 ἀντισπαστικόν,
1492 715 1520 768 ὁ
1556 716 1774 778 ῑωνικὸς
1805 715 1909 769 ἀπὸ

223 798 469 864 μείζονος
516 794 611 865 ἀφ’
652 791 719 848 οὗ
766 797 827 849 τὸ
877 797 1101 848 ἰωνικὸν
1147 795 1251 848 ἀπὸ
1298 797 1570 864 μείζονος,
1621 796 1649 849 ὁ
1691 798 1910 859 ι’ωνικὸς

224 877 312 929 ἀπ’
352 875 648 940 ἐλάσσονος
695 876 789 946 ἀφ’
830 872 896 931 οὗ
943 878 1003 930 τὸ
1053 878 1278 930 ἰωνικὸν
1325 875 1414 929 ἀπ’
1454 876 1768 946 ἐλάσσονος,
1818 877 1909 932 καὶ

224 958 252 1011 ὁ
292 959 543 1028 κρητικὸς
582 961 759 1027 ἤγουν
799 958 827 1012 ὁ
869 958 1220 1028 ἀμφίμακρος
1260 956 1353 1027 ἀφ’
1391 954 1458 1011 οὗ
1490 959 1550 1011 τὸ
1589 962 1907 1012 παιωνικόν.

158 1066 199 1098 10
225 1041 277 1092 οἱ
318 1040 378 1092 δὲ
418 1039 601 1093 λοιποὶ
639 1042 804 1102 πόδες
845 1039 1204 1108 συνέρχονται
1243 1041 1375 1106 μετὰ
1413 1040 1626 1093 τούτων
1658 1042 1736 1103 εἰς
1775 1055 1909 1110 συμ-

222 1124 505 1190 πλήρωσιν
557 1130 668 1174 τῶν
727 1120 966 1190 μέτρων,
1027 1119 1154 1173 καθ’
1210 1120 1440 1184 ἑαυτοὺς
1499 1122 1560 1174 δὲ
1613 1121 1782 1191 μέτρα
1837 1123 1902 1175 οὐ

224 1212 573 1256 συνιστῶσιν.

343 1369 364 1406 1
400 1363 511 1406 ordo
543 1365 795 1407 metrorum
829 1378 934 1407 cum
966 1362 1114 1419 Heph.
1150 1362 1354 1407 concinit

341 1516 364 1563 ξ
391 1487 419 1553 ’7Ὶ
455 1513 525 1555 est
563 1512 611 1554 in
653 1513 697 1555 Z
730 1513 801 1567 (ἐξ
831 1516 942 1554 1-6
977 1513 1081 1568 om.)
1136 1514 1150 1568 ΙΙ
1207 1516 1228 1553 1
1271 1511 1351 1554 ἰστ.
1396 1508 1464 1554 ’ὅτι
1507 1511 1600 1555 ἀπὸ
1639 1519 1731 1555 τῶν
1771 1510 1908 1556 ἐννέα

222 1573 382 1615 ποδῶν
414 1578 718 1615 συνιστῶνται
748 1570 806 1614 τὰ
837 1569 992 1627 μέτρα,
1025 1571 1119 1614 ἀπὸ
1145 1570 1313 1628 ἰάμβου
1341 1606 1348 1614 .
1371 1606 1378 1613 .
1401 1606 1408 1613 .
1437 1570 1460 1614 ὁ
1491 1578 1707 1628 τροχαῖος
1731 1572 1908 1628 (3130.le

225 1635 248 1672 2
283 1629 307 1673 ὁ
341 1632 441 1686 (pr.)
477 1629 631 1684 Turn.⁷
665 1629 689 1673 ὅ
720 1646 769 1674 τε
805 1631 852 1673 Y
