2060 3168
0 475 25 776 ἒ

0 778 21 1631 ἒ

0 1688 31 1863 ἰ,

0 1873 10 2043 ἔ

0 2259 5 2283 b

0 2295 3 2318 !

0 2490 2 2494 =
24 2472 147 2528 (268)

687 141 755 181 111
795 141 937 181 ΠΕΡΙ
968 139 1368 187 ΔΑΚΤΤΛΙΚΟΤ
1765 140 1874 193 375

187 271 248 322 ὡς
278 269 399 328 μόνα
430 271 487 316 τὰ
521 271 571 316 ἐκ
602 271 887 330 δισυλλάβων
919 275 1078 317 ποδῶν
1110 271 1386 329 συγκείμενα
1418 271 1559 330 μέτρα
1590 273 1708 318 κατὰ
1741 276 1874 319 διπο-

185 336 295 383 δίαν
327 346 569 395 μετρεῖται.
604 365 659 371 -
692 338 893 391 Αὔξεται
925 337 976 382 δὲ
1008 337 1139 397 μέχρι
1169 342 1331 384 ποδῶν
1364 338 1423 393 ἕξ.

304 406 399 448 Καὶ
432 405 554 450 ἔστιν
588 404 637 449 ἐν
670 406 794 463 αὐτῷ
819 404 1317 461 περιφανέστατον
1347 406 1429 450 καὶ
1461 405 1798 463 ἐπισημότατον
1821 407 1873 451 τὸ

186 469 434 528 ἑξάμετρον
467 471 746 516 δακτυλικὸν
787 472 1122 528 καταληκτικὸν
1155 471 1220 524 εἰς
1250 472 1548 531 δισύλλαβον,
1589 471 1665 517 οἷά
1700 474 1787 518 εἰσι
1817 474 1874 517 τά

28 538 150 596 (267)
183 553 231 581 τε
255 535 458 595 Ὁμήρου
497 539 576 582 καὶ
603 537 824 583 “Ησιόδου
863 539 944 582 καὶ
982 547 1074 582 τῶν
1113 541 1287 582 λοιπῶν
1319 546 1547 595 ποιητῶν,
1591 540 1670 583 καὶ
1701 539 1759 596 δὴ
1793 541 1873 584 καὶ
1921 554 1940 586 5

182 603 239 648 τὰ
270 603 554 661 προκείμενα
586 603 740 661 μέτρα.
771 632 821 636 -
843 603 1080 661 Ὗφίστησι
1104 605 1154 649 δὲ
1179 605 1230 650 τὸ
1256 606 1534 650 δακτυλικὸν
1562 605 1728 662 μέτρον
1754 607 1872 650 κατὰ

184 669 435 727 ἀφαίρεσιν
467 671 582 730 <mxl
615 670 910 730 πρόσθεσιν)
944 670 1064 728 μόνα
1104 669 1294 728 δίμετρα
1334 673 1415 716 καὶ
1446 671 1661 730 τρίμετρα
1692 674 1773 717 καὶ
1804 690 1872 718 τε·

182 736 413 794 τράμετρα
445 738 525 782 καὶ
556 737 847 795 πεντάμετρα
881 739 959 781 καὶ
992 738 1239 795 ἑξάμετρα,
1271 739 1584 796 καταληκτικὰ
1617 740 1682 790 εἰς
1713 743 1873 783 συλλα-

183 803 270 862 βὴν
302 805 383 848 καὶ
416 805 481 855 εἰς
519 805 796 862 δισύλλαβον
829 805 908 847 καὶ
940 804 1249 862 ἀκατάληκτα.
1312 804 1694 862 ὑπερκατάληκτα
1727 805 1813 863 γὰρ
1846 804 1873 862 ἢ

183 870 596 928 βραχυκατάληκτα
629 869 770 928 μέτρα
802 871 887 914 οὐκ
921 871 1011 928 ἔχει
1045 868 1156 922 ὅλως
1182 872 1235 916 τὸ
1266 873 1420 927 παρὸν
1452 871 1634 928 μέτρον,
1666 872 1797 916 καθὰ
1821 873 1872 917 τὸ
1899 887 1940 918 10

185 938 403 995 ἰαμβικὸν
435 939 515 982 καὶ
545 936 815 996 τροχαϊκόν·
858 938 958 982 ἐπεὶ
989 938 1103 995 μηδὲ
1136 938 1327 996 ἐγχωρεῖ
1356 936 1480 991 ὅλως.
1543 939 1594 983 τὸ
1626 938 1715 996 γὰρ
1748 938 1874 996 δίμε-

181 1020 294 1059 τρον
328 1003 440 1060 φέρε
472 1005 620 1050 εἰπεῖν
652 1004 1060 1061 ὑπερκατάληκτον
1094 1002 1196 1049 οἷον
1228 1006 1279 1050 τὸ

450 1070 480 1114 ἃ
510 1072 593 1116 τὸν
623 1071 935 1128 παντογόνου,

183 1138 342 1195 ἐπειδὴ
387 1138 508 1183 κατὰ
547 1136 838 1195 μονοποδίαν
878 1146 1107 1194 μετρεῖται
1145 1139 1196 1182 τὸ
1237 1137 1424 1195 μέτρον,
1470 1137 1598 1190 τίνος
1635 1139 1774 1198 χάριν
1813 1139 1874 1196 μὴ

179 1203 422 1261 τρίμετρον
469 1205 806 1261 καταληκτικὸν
853 1206 919 1255 εἰς
972 1205 1200 1263 συλλαβὴν
1251 1205 1649 1263 ὀνομασθήσεται;
1704 1203 1874 1261 ὁμοίως
1898 1219 1940 1252 15

180 1272 232 1315 δὲ
266 1272 346 1315 καὶ
378 1272 428 1316 τὸ

448 1329 551 1376 υἱέα
584 1330 925 1388 παμμεδέοντα,

181 1404 230 1448 εἴ
259 1421 330 1455 τις
368 1403 501 1461 ἠξίου
540 1404 688 1462 λέγειν
728 1405 1165 1463 βραχυκατάληκτον
1203 1403 1467 1462 τρίμετρον,
1513 1403 1558 1448 τί
1601 1407 1772 1460 μᾶλλον
1813 1405 1871 1461 μὴ

182 1469 421 1527 τρίμετρον
468 1472 802 1528 καταληκτικὸν
844 1473 909 1522 εἰς
948 1473 1224 1530 δισύλλαβον
1265 1472 1458 1528 ἐροῦμεν
1498 1469 1633 1526 αὐτός
1677 1471 1757 1515 καὶ
1797 1471 1873 1516 ἐπὶ

180 1546 273 1582 τῶν
306 1537 409 1595 ἑξῆς
440 1539 668 1588 ὡσαύτως.
1723 1572 1725 1574 -
1896 1553 1938 1584 20

303 1606 372 1650 Οὐ
413 1605 502 1662 μὴν
543 1603 643 1649 ἀλλ’
673 1605 782 1650 οὐδὲ
823 1603 1140 1662 μονόμετρα
1190 1603 1302 1655 ὅλως
1343 1605 1433 1662 ἔχει
1473 1605 1523 1648 τὸ
1564 1603 1871 1661 προκείμενον

181 1670 368 1727 μέτρον·
405 1671 718 1728 συνέμπτωσις
750 1672 837 1728 γὰρ
872 1670 945 1715 ἂν.
964 1670 1139 1728 ἐγίνετο
1164 1675 1228 1732 τῷ
1253 1673 1512 1729 δακτυλικῷ
1544 1672 1660 1727 πρὸς
1683 1670 1741 1716 τὰ
1767 1672 1871 1728 ἰαμ-

182 1738 291 1796 βικὰ
311 1739 403 1782 Δκαὶ
435 1738 674 1796 τροχαῖκά.
723 1737 825 1783 οἷον
850 1739 900 1783 τὸ
926 1737 1210 1795 μονόμετρον
1237 1737 1530 1792 δακτυλικόν,
1563 1737 1676 1795 φέρε
1708 1739 1872 1792 εἰπεῖν,

182 1806 224 1848 εἰ
254 1804 337 1861 μὲν
370 1808 617 1855 σπονδεῖος
647 1801 719 1862 ἧν,
765 1804 917 1850 ἐδόκει
948 1806 1028 1849 καὶ
1061 1805 1294 1862 ἰαμβικόν,
1327 1806 1368 1849 εἰ
1400 1804 1451 1849 δὲ
1484 1804 1724 1859 δάκτυλος,
1756 1805 1871 1848 ὠνο-

179 1870 335 1929 μάζετ’
377 1869 436 1915 ἂν
484 1873 563 1915 καὶ
610 1872 858 1930 τροχαϊκὸν
906 1870 1254 1927 καταληκτικόν.
1336 1870 1447 1915 ὥστε
1495 1870 1636 1927 μόναι
1684 1870 1733 1914 αἱ
1779 1879 1871 1915 τῶν
1896 1885 1938 1918 25

180 1935 425 1995 ῥηθέντων
457 1938 726 1994 καταλήξεις
758 1936 859 1982 εἰσί.

302 2005 395 2048 Καὶ
443 2004 500 2061 δὴ
549 2002 816 2061 ὃίμετρον
865 2003 950 2061 μὲν
989 2005 1326 2061 καταληκτικὸν
1368 2005 1434 2056 εἰς
1472 2005 1771 2063 δισύλλαβον,
1812 2005 1872 2055 ὡς

180 2078 316 2115 τοῦτο

447 2129 785 2186 παμμεδέοντα.

181 2205 517 2261 καταληκτικὸν
557 2204 643 2261 γὰρ
684 2204 749 2254 εἰς
788 2204 1016 2263 συλλαβὴν
1057 2203 1272 2261 δίμετρον
1312 2205 1397 2248 οὐκ
1430 2205 1622 2261 ἐγχωρεῖ
1650 2202 1870 2262 γενέσθαι
1895 2218 1937 2249 3ο

181 2271 262 2315 διὰ
292 2271 375 2327 τὴν
408 2269 580 2325 αἰτίαν,
613 2269 671 2326 ἣν
703 2269 907 2327 λέγομεν,
942 2269 1019 2314 ἵνα
1045 2271 1106 2328 μὴ
1129 2275 1192 2331 τῷ
1223 2275 1453 2331 τροχαῑκῷ
1485 2271 1565 2315 καὶ
1598 2271 1797 2331 ἰαμβικῷ
1817 2271 1868 2315 τὸ

181 2338 459 2382 δακτυλικὸν
492 2336 781 2394 συνεμπέσοι.
845 2338 1164 2395 ἀκατάληκτον
1198 2337 1264 2392 δέ,
1297 2339 1358 2389 ὡς
1386 2345 1523 2382 τοῦτο

447 2404 496 2448 ἐκ
527 2408 755 2458 καθαρῶν
786 2403 923 2454 τέκες.

306 2469 584 2527 Τρίμετρα
616 2472 667 2515 δὲ
701 2470 1011 2526 καταληκτικὰ
1044 2471 1126 2527 μὲν
1159 2471 1225 2521 εἰς
1256 2470 1484 2528 συλλαβὴν

449 2537 478 2580 ἃ
510 2538 590 2581 τὸν
623 2536 930 2595 παντογόνου.
1894 2549 1936 2582 35

179 2612 315 2649 τοῦτο
364 2604 414 2649 δὲ
463 2603 799 2661 ἐπισημότατον
839 2605 919 2649 καὶ
957 2604 1300 2662 πενθημιμερὲς
1335 2601 1637 2661 Ἀρχιλόχειον
1676 2602 1869 2660 λέγεται,

301 2779 323 2817 7
351 2773 600 2831 ἀφαίρεσιν
625 2775 702 2818 καὶ
736 2773 992 2829 πρόσθεσιν
1019 2774 1196 2831 scripsi,
1230 2772 1478 2830 ὑφαίρεσιν
1504 2775 1610 2818 ΡΚ
1627 2776 1641 2831 ΙΙ
1666 2778 1720 2816 29
1746 2790 1867 2829 παμ-

181 2832 425 2889 μεδέοντος
442 2835 546 2878 PK
565 2835 579 2890 ΙΙ
604 2837 659 2876 30
686 2832 919 2891 δι’μετρον]
944 2831 1183 2890 τρίμετρον
1202 2835 1247 2878 Ρ
1266 2835 1280 2889 ΙΙ
1305 2838 1357 2876 31
1385 2837 1448 2892 τῷ
1466 2847 1553 2876 om.
1575 2834 1620 2877 P
1639 2835 1653 2890 ΙΙ
1677 2837 1734 2876 32
1760 2847 1867 2876 συν-

181 2891 351 2951 εμπέσῃ
383 2893 508 2949 Jung
531 2894 545 2948 ΙΙ
571 2897 624 2935 36
659 2894 737 2936 καὶ
770 2909 815 2936 π.
850 2894 928 2936 καὶ
958 2890 1116 2950 Ἀρχιλ.
1151 2893 1321 2936 schol.¹³
1352 2897 1451 2946 272,
1471 2897 1527 2935 20
