2090 3158
213 1090 255 1122 10

214 1495 254 1527 15

213 1900 255 1932 20

285 202 389 255 182
736 203 1046 245 ΓΕῼΡΓΙΟΤ
1078 204 1516 246 ΧΟΙΡΟΒΟΣΚΟΤ

279 339 426 407 παρὰ
457 339 582 391 τόδε
614 336 920 407 εἰρημένον,
953 338 1041 389 καὶ
1076 338 1247 405 δῆλον
1281 338 1364 391 ὅτι
1398 336 1703 406 παραφέρει
1738 336 1969 391 ἑκάστου

279 421 345 472 τὰ
382 420 794 487 παραδείγματα
827 417 1105 483 ἐξετάζων·
1147 412 1261 470 εἶτα
1297 421 1440 486 ζητεῖ
1479 419 1567 470 καὶ
1606 419 1732 487 περὶ
1770 422 1968 471 πολυ-

281 504 734 570 σχηματίστων
772 500 861 552 καὶ
903 499 1045 552 οὕτω
1086 503 1301 567 πληροῖ.

2031 0 2090 213 1,

2076 218 2090 263 ἒ

2071 321 2090 388 ,ἳ-

391 583 440 635 6.
461 581 684 650 ’Ώφειλε
718 578 777 633 δὲ
809 581 1292 649 προτάττεσθαι
1326 581 1386 632 τὸ
1420 581 1598 648 παρὸν
1624 581 1969 650 σύγγραμμα,
2003 591 2076 631 36⁴

281 662 352 725 ὥς
405 662 549 724 τινές
596 676 754 730 φασι,
807 661 915 729 πρὸ
970 662 1175 723 παντὸς
1230 660 1497 731 ἐμμέτρου
1548 663 1970 731 συγγράμματος
2003 667 2090 732 (90]

279 744 369 795 καὶ
407 744 512 810 πρὸ
552 751 647 810 τῆς
680 741 932 804 Ἰλιάδος·
971 752 1193 811 πρῶτον
1232 739 1333 808 μὲν
1371 743 1476 812 γὰρ
1517 740 1629 795 ἔδει
1663 743 1802 811 ἡμᾶς
1832 752 1972 810 γνῶ-

279 845 389 891 ναι,
441 826 497 877 τί
543 823 656 876 ἐστι
700 823 901 891 μέτρον
941 824 1029 876 καὶ
1068 833 1234 876 ποῖον
1273 824 1362 875 καὶ
1401 826 1582 876 πόθεν
1621 825 1971 893 λαμβάνεται,

279 906 368 958 καὶ
417 906 590 968 οὕτως
637 906 776 958 αὐτὰ
821 907 887 957 τὰ
934 904 1103 975 μέτρα
1149 913 1358 972 γνῶναι
1405 907 1456 957 εί
1500 908 1678 967 καλῶς
1723 904 1754 973 ἢ
1794 915 1973 968 κακῶς

282 984 522 1056 ἔχουσιν.
601 987 737 1039 ἀλλὰ
793 986 1024 1055 λέγομεν
1079 987 1162 1039 ὅτι
1216 985 1319 1054 ὕλη
1373 994 1473 1038 τοῦ
1519 984 1793 1055 παρόντος
1841 1000 1972 1055 συγ-

280 1069 590 1137 γράμματός
644 1070 750 1121 εἰσι
803 1068 870 1119 τὰ
923 1076 1034 1119 τῶν
1088 1076 1331 1135 ποιητῶν
1387 1070 1622 1136 ἔμμετρα
1675 1070 1971 1136 ποιήματα·

280 1149 418 1202 αὐτὰ
455 1150 558 1219 γὰρ
599 1151 872 1213 κανονίζει
914 1148 941 1200 ὁ
976 1146 1320 1216 “Ηφαιστι’ων
1359 1149 1448 1201 καὶ
1486 1149 1671 1201 αὐτῶν
1709 1150 1804 1211 τὰς
1842 1151 1970 1218 χρή-

281 1245 394 1292 σεις
432 1230 755 1300 παραφέρει,
797 1229 973 1298 λέγων
1013 1229 1096 1281 ὅτι
1135 1231 1330 1299 τοιῷδε
1371 1229 1547 1302 μέτρω
1580 1229 1844 1299 ἐχρήσατο
1878 1230 1971 1282 ὅδε

279 1311 308 1364 ὁ
347 1314 586 1380 ποιητής.
648 1321 762 1374 πῶς
803 1308 862 1363 δὲ
902 1319 996 1378 τῆς
1034 1311 1168 1379 ὕλης
1207 1311 1375 1378 αὐτῆς
1414 1310 1792 1380 ἀγνοουμένης
1830 1316 1972 1380 εἴχο-

281 1412 383 1461 μεν
428 1394 529 1461 τὴν
575 1392 823 1460 μέθοδον
868 1401 1101 1461 γνῶναις
1149 1385 1270 1444 οἷον
1308 1402 1423 1455 πῶς
1463 1391 1644 1456 ξύλων
1682 1394 1753 1461 μὴ
1795 1395 1972 1446 ὄντων

280 1475 521 1543 ἠδύνατό
557 1495 639 1537 τις
669 1475 1014 1527 τεκτονεύειν
1045 1478 1271 1540 μαθεῑν;
1303 1506 1376 1512 -
1407 1474 1671 1542 Εὐλόγως
1702 1470 1806 1526 οὖν
1836 1476 1971 1541 πρό-

282 1575 444 1624 τερον
474 1555 704 1624 λέγομεν
735 1557 830 1618 τὰς
863 1554 1031 1619 λέξεις
1053 1586 1127 1592 -
1151 1557 1328 1624 ἤγουν
1359 1556 1425 1607 τὰ
1455 1558 1729 1624 ποιήματα
1761 1557 1826 1608 τὰ
1858 1554 1971 1607 ε’πι-

283 1638 549 1706 δεχόμενα
581 1637 782 1707 μέτρον
806 1669 879 1675 -
904 1637 994 1689 καὶ
1018 1638 1118 1705 τὴν
1143 1640 1364 1705 κίνησιν
1396 1638 1580 1690 αὐτῶν
1604 1639 1706 1706 τὴν
1737 1638 1829 1689 διὰ
1859 1646 1971 1689 τῶν

281 1717 418 1770 ὀκτὼ
463 1728 645 1787 μερῶν
684 1726 783 1771 τοῦ
833 1720 1029 1786 λόγου,
1076 1719 1177 1786 τὴν
1217 1717 1479 1781 σύνταξιν
1520 1719 1703 1771 αὐτῶν
1742 1718 1830 1770 καὶ
1869 1719 1970 1786 τὴν

282 1802 530 1867 στιγμήν,
570 1800 658 1851 καὶ
698 1800 933 1869 ὕστερον
972 1808 1135 1852 τοῦτο
1168 1801 1229 1852 τὸ
1269 1801 1448 1869 παρὸν
1488 1801 1815 1869 σύγγραμμα
1846 1800 1969 1869 περὶ

279 1888 378 1932 τοῦ
418 1879 619 1949 μέτρου
660 1881 845 1933 αὐτῶν
885 1881 1275 1950 διαλαμβάνον.

395 1962 441 2013 7.
496 1960 825 2030 Άνάγεται
878 1959 937 2014 δὲ
991 1963 1159 2014 πάλιν
1205 1963 1294 2015 καὶ
1341 1970 1505 2015 τοῦτο
1554 1963 1626 2024 ὡς
1678 1963 1768 2014 καὶ
1822 1970 1969 2015 πᾶσα

280 2044 498 2111 τεχνικὴ
542 2045 753 2111 ζήτησις
793 2044 900 2095 ὑπὸ
933 2043 1065 2111 <τὸ>
1095 2044 1348 2112 τεχνικὸν
1387 2045 1629 2112 ὄργανον
1666 2051 1762 2111 τῆς
1799 2063 1968 2113 γραμ-

278 2131 525 2191 ματικῆς·
582 2124 649 2176 οὐ
698 2125 826 2192 γάρ,
876 2125 948 2187 ὥς
994 2144 1140 2186 τινες
1185 2123 1469 2193 ἠθέλησαν
1509 2124 1713 2194 λέγειν,
1760 2125 1867 2177 ὑπὸ
1906 2125 1967 2178 τὸ

279 2342 373 2384 Thr
400 2289 466 2385 1162
473 2283 718 2395 40112280h01.
753 2284 801 2326 in
833 2284 966 2327 Dion.
994 2285 1100 2328 Thr.
1130 2290 1227 2338 1⁶24,
1250 2290 1413 2341 14sqq.
1439 2287 1452 2341 ΙΙ
1485 2291 1538 2328 21
1575 2285 1716 2329 schol.
1750 2285 1799 2328 in
1832 2285 1965 2329 Dion.

399 2481 420 2518 1
442 2475 702 2533 εἰρημένον]
730 2473 968 2543 εἰρόμενον
992 2490 1120 2532 prop.
1140 2476 1381 2521 Hoerseh:
1372 2491 1461 2532 3an
1479 2477 1627 2534 ἠρτημ
1631 2476 1793 2521 ένονὶ)
1790 2494 1966 2535 παρα-

279 2532 410 2588 φέρει
443 2547 624 2590 semper
656 2534 833 2590 scripsi,
868 2533 1106 2590 περιφέρει
1139 2536 1271 2578 codd.
1298 2538 1311 2592 ΙΙ
1338 2541 1361 2578 6
1395 2536 1500 2579 fort.
1529 2536 1661 2594 (dm)
1694 2537 1773 2579 καὶ
1790 2518 1927 2579 Kroll
1953 2538 1966 2592 ΙΙ

282 2597 334 2635 12
368 2592 606 2649 περιφέρει
639 2594 770 2636 codd.
809 2596 813 2648 Ι
849 2607 875 2636 a
908 2593 1053 2649 μέτρω
1086 2594 1174 2637 inc.
1212 2596 1280 2651 Ul
1311 2593 1388 2638 ὅδε
1422 2609 1507 2638 om.
1546 2596 1590 2639 U
1613 2598 1628 2651 ΙΙ
1661 2599 1714 2638 13
1746 2601 1827 2650 τῆς
1859 2593 1967 2650 ὕλης

279 2652 421 2706 αὐτῆς
453 2652 636 2708 scripsi,
669 2659 750 2708 τῆς
782 2653 839 2707 (ὑ.
874 2671 916 2696 α.
952 2655 1058 2708 om.)
1092 2654 1141 2706 U
1174 2653 1258 2709 τὴν
1291 2652 1404 2709 ύλην
1437 2653 1582 2709 αὐτὴν
1607 2655 1662 2697 K
1695 2656 1700 2709 Ι
1738 2654 1794 2710 ἀγ
1799 2661 1964 2698 νοοῦν-

279 2726 351 2759 τες
384 2711 437 2753 Κ
469 2713 483 2767 ΙΙ
526 2716 578 2754 15
612 2711 898 2755 τεκτονεύειν
932 2712 1002 2754 vel
1033 2711 1290 2756 τεκταίνειν
1319 2712 1557 2766 Mendela.⁷
1590 2711 1760 2756 τέκτων
1771 2672 1955 2792 yeodd.‘

283 2773 335 2810 16
375 2768 563 2825 λέγομεν
601 2786 688 2825 πρ
670 2779 786 2814 ‘nov
819 2771 872 2813 K
913 2773 926 2826 11
976 2776 1029 2813 16
1063 2770 1280 2826 ἤγουν-
1301 2776 1352 2814 17
1386 2771 1552 2828 μέτρον
1583 2771 1687 2815 fort.
1723 2771 1920 2814 delenda
1951 2793 1954 2828 ἦ

282 2832 335 2870 17
370 2828 521 2870 αὐτῶν
554 2828 656 2886 τὴν]
688 2837 779 2872 τῶν
813 2830 854 2872 L
881 2831 894 2885 ΙΙ
930 2833 980 2871 18
1014 2829 1097 2885 τὴν
1129 2831 1263 2886 (Ροείῦ.
1287 2830 1334 2886 l.)
1368 2845 1455 2874 om.
1485 2832 1529 2875 U
1551 2833 1565 2886 ΙΙ
1593 2834 1645 2873 19
1678 2831 1728 2874 τὸ
1755 2844 1842 2873 om.
1872 2831 1962 2883 K¹‚

280 2886 385 2928 add.
415 2887 492 2929 Κ2
522 2890 536 2942 ΙΙ
569 2893 624 2930 20
651 2888 1027 2945 διαλαμβάνομεν
1062 2889 1120 2941 U;
1154 2889 1210 2932 cf.
1246 2892 1416 2945 241121
1452 2897 1596 2933 τοῦτω
1630 2890 1691 2939 ὡς
1720 2896 1848 2933 πᾶσα
1883 2890 1964 2947 Ujf

283 2949 337 2987 22
370 2946 420 2988 τὸ
456 2946 559 2989 add.
587 2947 805 2990 Hoersch.

2080 1596 2090 2086 1

2074 2223 2084 2491 ξ
