2060 3168
23 1750 127 1804 294>

359 143 469 184 VIII
507 143 652 184 ΠΕΡΙ
682 143 945 186 ΙΩΝΙΚΟΤ
975 144 1100 185 ΤΟΤ
1131 144 1218 185 An
1249 144 1624 186 ΕΛΑΣΣΟΝΟΣ
1732 142 1842 196 393

150 280 287 318 τοῦτο
327 273 379 318 δὲ
413 274 682 319 Σωτάδειον
722 274 995 331 ὀνομάζεται
1034 275 1114 319 καὶ
1147 274 1371 332 ἐπίσημόν
1403 276 1518 330 ἐστι,
1558 275 1637 319 ἅτε
1669 275 1727 332 δὴ
1759 283 1841 320 τοῦ

150 347 347 396 ποιητοῦ
387 340 616 386 Σωτάδου
655 344 806 401 πολλῷ
845 342 971 402 αὐτῷ
1010 341 1315 401 χρησαμένου.
1383 338 1532 394 Οὗτος
1571 341 1623 387 δέ
1663 342 1784 386 ἐστιν
1817 341 1840 386 ὁ

151 405 379 463 Σωτάδης
418 406 442 451 ὁ
474 408 558 464 τὴν
583 406 837 465 Ὁμηρικὴν
864 406 1041 454 Ἰλιάδα
1081 408 1128 462 ἐξ
1171 408 1372 465 ἡρωϊκοῦ
1412 408 1579 464 μέτρου
1612 407 1842 468 ἐπιχειρή-

152 487 236 525 σας
266 474 332 525 εἰς
364 474 556 519 ἰωνικὸν
588 474 681 519 ἀπὸ
716 473 922 531 μείζονος
952 474 1118 532 μέτρον
1147 475 1498 533 μετασκευάσαι,
1531 471 1586 520 οὗ
1618 474 1842 532 μέμνηται

151 540 231 583 καὶ
257 537 541 598 (Ερμογένης
574 541 623 586 ἐν
651 549 753 594 ταῖς
785 541 944 592 ἰδέαις.
980 570 1035 575 -
1072 542 1388 598 Τετράμετρον
1421 542 1472 586 δὲ
1504 542 1840 598 καταληκτικὸν

150 613 244 650 τῶν
277 605 551 662 ἐκκειμένων
583 614 723 662 τριῶν
756 608 880 653 ἐπῶν
914 608 1119 654 ἕκαστον.

272 674 367 716 Καὶ
399 673 529 730 ἡμεῖς
560 675 642 730 μὲν
666 674 922 731 περαιτέρω
947 683 1037 720 τῶν
1060 675 1285 721 τοιούτων
1307 675 1623 732 τετραμέτρων
1649 676 1703 720 οὐ
1727 691 1842 731 προ-

151 738 339 798 έβημεν·
373 739 493 796 πλὴν
527 739 840 797 ἐπισημότατά
873 743 961 786 εἰσι
985 743 1065 786 καὶ
1087 742 1145 786 τὰ
1169 742 1466 799 ἀκατάληκτα
1490 741 1784 799 τετράμετρα,
1813 741 1842 786 ἃ

153 810 235 867 μιᾷ
262 808 461 865 συλλαβῇ
486 814 579 851 τῶν
603 807 920 865 προκειμένων
945 808 1260 861 πλεονάζουσι.
1307 808 1494 853 τιθέασι
1518 808 1570 854 δὲ
1595 810 1675 853 καὶ
1698 815 1843 852 ταῦτα

153 872 198 917 οἱ
228 873 413 923 Αἰολεῖς
443 875 604 932 διχῶς·
639 872 667 930 ἣ
702 874 788 931 γὰρ
821 876 956 920 δυσὶν
982 876 1187 927 ἰωνικοῖς
1217 876 1303 920 δύο
1335 875 1587 934 τροχαϊκὰς
1618 875 1841 933 ἐπάγουσι

152 937 373 991 διποδίας
422 938 450 996 ἢ
489 941 639 996 τρισὶν
684 942 890 992 ἰωνικοῐς
927 941 1180 1000 τροχαῖκὴν
1220 940 1443 986 διποδίαν
1482 940 1608 999 μίαν.
1677 941 1844 986 τούτου

151 1006 450 1064 παράδειγμα
485 1007 595 1052 ἔστω
627 1006 735 1052 τόδε

421 1073 470 1117 ἐν
503 1071 550 1117 δ’
579 1073 751 1135 ἁμερίῳ
785 1075 904 1131 φωτὶ
937 1074 1188 1131 φλέγοισαν
1219 1074 1341 1128 ζέσιν
1373 1073 1505 1132 ἡλίου
1539 1092 1605 1131 με.

151 1139 347 1184 Αἰολικὰ
387 1139 438 1184 δὲ
480 1139 754 1197 ὀνομάζεται
784 1143 864 1186 καὶ
895 1149 1056 1196 ταῦτα,
1097 1140 1167 1187 ὅτι
1198 1144 1384 1198 Σαπφὼ
1416 1143 1576 1193 αὐτοῖς
1612 1142 1844 1201 κέχρηται,

152 1206 345 1264 Αἰολικῇ
379 1205 602 1267 διαλέκτῳ
633 1207 858 1265 χρωμένη.

273 1274 367 1317 Καὶ
399 1274 505 1329 περὶ
536 1281 619 1318 τοῦ
652 1275 745 1318 ἀπὸ
781 1273 989 1331 μείζονος
1020 1276 1102 1332 μὲν
1136 1277 1326 1321 ἰωνικοῦ
1361 1276 1502 1322 ἱκανὰ
1534 1283 1698 1320 ταῦτα·
1738 1275 1845 1332 νοή-

154 1353 245 1384 σειε
276 1339 364 1398 γὰρ
399 1340 448 1384 ἐκ
480 1340 656 1385 τούτων
687 1340 874 1394 πάντως
897 1342 957 1386 ἄν
980 1359 1050 1395 τις
1080 1343 1160 1387 καὶ
1187 1343 1244 1386 τὰ
1276 1342 1554 1400 τετράμετρα
1587 1343 1845 1399 ὑπερκατά-

153 1407 316 1462 ληκτα·
352 1405 522 1462 ὁμοίως
553 1406 605 1452 δὲ
637 1409 717 1451 καὶ
749 1407 806 1451 τὰ
836 1409 1139 1465 πεντάμετρα.

879 1571 988 1629 Cap.
1014 1572 1132 1616 vm.

446 1659 510 1717 η’.
551 1661 693 1716 Περὶ
727 1661 962 1706 ἰωνικοῦ
995 1668 1091 1706 τοῦ
1123 1658 1217 1705 ἀπ’
1247 1660 1562 1711 ἐλάσσονος.

277 1750 341 1794 Τὸ
384 1750 574 1794 ἰωνικὸν
614 1747 696 1794 ἀπ’
728 1749 974 1801 ἐλάσσονος
1012 1749 1178 1808 μέτρον
1217 1747 1480 1801 ἀντιπαθές
1519 1749 1612 1794 ἐστι
1649 1753 1713 1809 τῷ
1752 1750 1845 1794 ἀπὸ

154 1815 362 1874 μείζονος
394 1817 582 1877 ἰωνικῷ,
614 1815 826 1862 καθόσον
850 1824 987 1862 τοῦτο
1021 1816 1103 1873 μὲν
1127 1817 1178 1861 τὸ
1205 1814 1291 1861 ἀπ’
1321 1815 1578 1869 ἐλάσσονος,
1611 1816 1704 1860 ἀπὸ
1730 1831 1846 1872 πυρ-

155 1881 305 1941 ριχίου
337 1881 611 1941 ἀρχόμενον,
645 1884 710 1935 εἰς
735 1887 983 1929 σπονδεῖον
1008 1883 1327 1941 καταλήγοντα
1351 1890 1443 1927 τῶν
1467 1884 1628 1927 ποδῶν
1653 1881 1846 1928 ἕκαστον

155 1949 247 2007 ἔχει
281 1948 354 1995 ὅτε
387 1950 479 1995 ἐστὶ
511 1948 750 2005 καθαρόν,
784 1950 835 1994 τὸ
869 1947 914 1994 δ’
944 1950 1038 1994 ἀπὸ
1072 1948 1279 2006 μείζονος
1310 1949 1547 1994 ἀνάπαλιν
1578 1949 1672 1993 ἀπὸ
1705 1963 1846 1994 σπον-

154 2015 284 2062 δείου
330 2015 590 2075 ἀρχόμενον
639 2018 718 2061 καὶ
764 2017 1105 2074 περαιούμενον
1145 2017 1211 2069 εἰς
1251 2014 1522 2073 πυρρίχιον,
1561 2013 1658 2072 μετ’
1696 2017 1845 2061 ἐκεῖνο

155 2091 270 2141 γοῦν
302 2082 515 2128 τέτακται
547 2091 682 2128 τοῦτο
715 2084 765 2127 τὸ
799 2081 882 2128 ἀπ’
913 2083 1159 2134 ἐλάσσονος
1191 2083 1381 2128 ἰωνικὸν
1412 2079 1695 2140 ἀναγκαίως.

273 2149 560 2195 Συντίθεται
594 2151 644 2194 δὲ
677 2151 756 2194 καὶ
781 2157 916 2195 τοῦτο
943 2149 1017 2194 ὁτὲ
1049 2149 1132 2206 μὲν
1165 2147 1397 2205 καθαρόν,
1431 2148 1504 2194 ὁτὲ
1530 2147 1580 2192 δὲ
1606 2147 1847 2205 ἐπίμικτον

155 2216 272 2271 πρὸς
302 2216 384 2266 τὰς
415 2217 667 2275 τροχαϊκάς
699 2216 931 2267 διποδίας.
995 2217 1074 2260 καὶ
1108 2214 1179 2260 ὅτε
1213 2216 1294 2272 μὲν
1327 2213 1544 2271 καθαρόν
1579 2216 1684 2270 ἐστι,
1727 2216 1846 2260 κατὰ

155 2290 311 2327 πᾶσαν
350 2284 507 2340 χώραν
545 2283 627 2327 τὸν
669 2283 914 2341 ὁμώνυμον
956 2284 1081 2342 αὐτῷ
1122 2282 1302 2341 δέχεται
1342 2281 1489 2336 πόδα,
1529 2281 1642 2339 λέγω
1675 2282 1734 2339 δὴ
1764 2282 1847 2327 τὸν

154 2346 241 2394 ἀπ’
271 2349 516 2401 ἐλάσσονος
556 2348 767 2404 ἰωνικόν,
806 2351 885 2395 καὶ
925 2350 975 2395 ἐν
1014 2357 1116 2400 ταῖς
1147 2356 1400 2405 περιτταῖς,
1439 2347 1643 2393 τουτέστι
1675 2350 1846 2408 πρώτῃ,

153 2414 306 2475 τρίτῃ,
346 2414 552 2475 πέμπτῃ,
591 2417 701 2468 τοὺς
740 2416 1001 2474 μολοττούς.
1033 2442 1091 2449 -
1125 2417 1218 2459 Καὶ
1251 2423 1386 2460 τοῦτο
1420 2413 1635 2471 εὐλόγως·
1685 2415 1726 2460 εἰ
1758 2415 1846 2473 γὰρ

157 2482 206 2527 ἐν
238 2489 341 2534 ταῖς
380 2482 564 2537 ἀρτίαις
594 2483 787 2535 τούτους
818 2482 1020 2540 ἐδέχετο,
1067 2479 1315 2538 ἐπαλληλία
1346 2481 1492 2538 πολλὴ
1522 2483 1600 2525 καὶ
1635 2482 1847 2540 συνέχεια

157 2546 322 2606 ἐγίνετ’
353 2546 412 2594 ἂν
444 2557 536 2594 τῶν
570 2557 758 2606 μακρῶν
791 2548 1085 2606 φωνηέντων.
1150 2549 1231 2593 διὰ
1271 2548 1358 2606 γὰρ
1390 2555 1525 2592 τοῦτο
1558 2549 1637 2592 καὶ
1671 2548 1721 2593 ἐν
1752 2556 1849 2599 τοῖς

155 2614 249 2659 ἀπὸ
290 2613 496 2671 μείζονος
537 2616 742 2667 ἰωνικοῖς
785 2616 834 2660 ἐν
874 2623 976 2667 ταῖς
1013 2614 1196 2670 ἀρτίαις
1241 2617 1412 2674 χώραις
1450 2616 1558 2666 τοὺς
1600 2616 1847 2671 μολοττοὺς

158 2791 188 2834 d
270 2738 302 2835 ἓ
343 2733 400 2776 cf.
433 2732 650 2790 Hermog.
684 2734 733 2776 in
765 2733 888 2778 RhG
911 2734 953 2777 H
977 2739 1084 2787 295,
1112 2739 1249 2790 2sqq.
1285 2733 1511 2790 (Speng.);
1551 2747 1719 2777 nomen
1753 2733 1845 2777 Sot.

191 2804 268 2836 ees

281 2898 303 2937 7
336 2894 438 2954 μὲν]
472 2893 627 2951 μέντοι
661 2897 819 2952 121125
853 2894 975 2955 μετ’]
1009 2893 1111 2940 κατ’
1143 2897 1196 2940 Κ

1868 885 1912 917 10

1870 1217 1915 1249 15

1871 1671 1916 1702 20

1871 2027 1915 2059 25

1871 2361 1916 2393 30
