2090 3158
706 165 871 207 VI1—3
903 164 1047 205 ΠΕΡΙ
1077 165 1428 206 TPOXAIKOT
1809 164 1912 216 123

106 309 189 348 157
337 298 421 367 18,
448 299 511 350 11
547 300 844 368 τροχαῑκὸν
881 300 1173 368 τρίμετρον
1210 299 1606 367 καταληκτικὸν
1638 299 1670 368 ἢ
1711 299 1913 369 ἀκέφα-

93 385 190 446 [37]
223 385 322 434 λον
363 382 635 449 ιάμβικὸν,
677 382 749 444 ὡς
787 381 848 434 τὸ
889 379 1117 451 (Archil.
1143 378 1237 450 99)

492 464 600 515 Ζεῦ
640 463 827 531 πάτερ,
867 462 1045 530 γάμον
1082 461 1186 530 μὲν
1225 461 1326 514 οὐκ
1366 460 1688 531 ἐδαισάμην,

220 543 380 597 πέντε
433 545 607 606 πόδας
660 541 770 613 ἔχει
822 544 914 596 καὶ
969 544 1252 612 συλλαβὴν
1304 543 1396 596 καὶ
1443 540 1564 596 ἔστι
1619 545 1913 613 τροχαῖκὸν

218 626 612 694 καταληκτικὸν
653 628 730 688 εἰς
769 627 1066 694 συλλαβήν.
1143 624 1423 693 ἀκέφαλον
1463 624 1530 677 δέ
1564 639 1737 694 φασιν
1777 626 1910 678 αὐτὸ
1959 650 1979 682 ⁵

219 702 360 761 εἶναι
410 708 483 770 ὡς
528 708 668 777 πρὸς
715 710 939 777 ἰάμβον·
988 707 1084 759 ἐὰν
1129 707 1234 776 γὰρ
1275 705 1492 775 δέξηται
1532 705 1742 770 ἔξωθεν
1779 709 1911 776 βρα-

218 797 372 858 χεῖαν
411 789 717 857 συλλαβήν,
771 791 966 857 ἴαμβος
1003 789 1228 856 γίνεται.
1305 787 1493 857 ἐπειδὴ
1534 785 1594 841 δὲ
1633 787 1913 842 ἀδύνατόν

218 868 369 923 ἐστιν
406 870 714 939 ὑπερβῆναι
756 873 946 939 στίχον
985 871 1311 938 οἱονδήποτε
1350 872 1481 932 τοὺς
1511 871 1910 938 τριακονταδύο

217 954 469 1021 χρόνους,
508 953 600 1004 διὰ
638 959 803 1004 τοῦτο
835 954 1100 1020 βραχεῖαν
1132 953 1343 1020 ἔφαμεν
1376 950 1656 1020 δέχεσθαι,
1694 953 1911 1021 μακρὰν

219 1033 279 1086 δὲ
319 1034 408 1086 οὕε
448 1065 521 1070 -
545 1032 658 1086 AC
667 1034 709 1086 I
1613 1088 1625 1103 ‚
1937 1057 1979 1089 10

331 1114 414 1182 18,
443 1115 512 1166 14
550 1116 846 1184 τροχαῑκὸν
883 1115 1248 1184 τετράμετρον
1287 1114 1683 1183 καταληκτικὸν
1721 1115 1911 1168 ποδῶν

217 1194 351 1249 ἑπτὰ
390 1196 581 1250 ἁπλῶν
620 1195 711 1250 καὶ
751 1200 1050 1264 συλλαβῆςε
1089 1228 1162 1234 -
1187 1195 1319 1249 ΑἿ)

83 1282 181 1342 [37]
328 1278 411 1347 18,
441 1278 508 1330 16
557 1279 603 1331 εἰ
652 1279 756 1347 γὰρ
812 1280 1118 1348 παραλήγει
1165 1277 1192 1331 ὁ
1242 1279 1534 1341 σπονδεῖος
1588 1287 1703 1341 τοῖς
1748 1298 1910 1331 κατα-

213 1363 512 1429 ληκτικοῑς,
560 1361 741 1429 χωλὸν
781 1359 1031 1413 ἀποτελεῖ
1070 1360 1131 1412 τὸ
1172 1359 1397 1430 μέτρον·
1449 1361 1481 1428 ἡ
1524 1361 1627 1428 γὰρ
1669 1362 1775 1429 πρὸ
1815 1369 1909 1429 τῆς

213 1443 627 1510 καταληγούσης
677 1444 955 1510 συλλαβῆς
1005 1442 1154 1511 χώρα
1200 1444 1424 1510 περιττή
1474 1439 1645 1494 ἐστιν·
1703 1440 1907 1510 ἑβδόμη
1934 1465 1978 1498 15

215 1524 342 1592 γάρ·
383 1523 486 1576 οὐκ
518 1522 770 1590 ἐμπίπτει
803 1521 864 1576 δὲ
897 1522 958 1576 ἐν
989 1530 1063 1596 τῷ
1090 1529 1361 1595 τροχαῖκῷ
1387 1524 1524 1575 κατὰ
1553 1524 1647 1585 τὰς
1680 1523 1910 1586 ἀνίσους

214 1606 529 1666 σπονδεῖος·
578 1605 625 1657 εἰ
666 1605 768 1673 γὰρ
811 1602 1061 1673 ἐμπέσοι,
1114 1606 1294 1673 χωλὸν
1333 1606 1544 1673 γίνεται
1583 1606 1645 1658 τὸ
1685 1604 1908 1674 μέτρονε

223 1718 283 1723 ——
314 1685 424 1739 AC
435 1686 470 1737 I

83 1773 180 1831 [38]
329 1768 412 1836 18,
438 1767 510 1820 20
547 1769 843 1837 τροχαϊκὸν
881 1768 1253 1838 πεντάμετρον
1284 1769 1681 1837 καταληκτικὸν
1720 1770 1781 1821 τὸ
1816 1789 1908 1821 κα-

215 1849 490 1918 λούμενον
527 1850 953 1918 Καλλιμάχειον,
992 1851 1182 1903 ποδῶν
1222 1849 1412 1902 ἁπλῶν
1451 1849 1611 1903 ε’ννέα
1649 1848 1738 1902 καὶ
1781 1855 1909 1903 συλ-
1934 1873 1976 1905 20
2028 1864 2031 1866 ’

214 1934 395 1999 λαβῆς.
473 1936 650 1993 καλῶς
691 1930 752 1983 δὲ
792 1926 907 1983 εἶπε
947 1933 1179 2000 καίπερ
1220 1933 1362 1984 ὄντι
1402 1930 1804 2003 ὑπερμέτρῳ·
1845 1930 1906 1984 ἐν

211 2014 316 2080 γὰρ
371 2019 446 2085 τῷ
495 2011 843 2083 πενταμέτρςο
905 2010 1087 2080 ἔχοντι
1144 2012 1276 2066 δέκα
1329 2015 1503 2076 πόδας
1557 2013 1907 2081 εὑρίσκονται

211 2094 567 2163 τετράχρονοι
607 2095 694 2146 καὶ
735 2094 1134 2163 ὑπερβαίνουσι
1171 2097 1301 2157 τοὺς
1340 2095 1742 2163 τριακονταδύο
1784 2097 1906 2164 χρό-

214 2194 371 2238 νουςε
410 2207 482 2214 -
506 2173 778 2246 AG(D)I

79 2255 179 2313 [39]
326 2257 466 2326 19,5
514 2257 810 2326 τροχαϊκὸν
858 2258 1118 2326 δίμετρον
1164 2258 1687 2326 βραχυκατάληκτον
1734 2258 1763 2311 ὃ
1811 2278 1905 2310 κα-
1930 2281 1974 2312 25

214 2342 384 2392 λεῖται
427 2340 805 2408 ῑθυφαλλικόν

567 2420 835 2489 κάρφεται
875 2421 979 2489 γὰρ
1020 2422 1124 2489 ἤδη
1166 2419 1568 2492 (Archil.100).

331 2570 357 2608 3
390 2563 630 2622 ἐδασάμην
663 2566 707 2609 Α
732 2568 745 2622 ΙΙ
771 2571 796 2608 9
830 2565 910 2609 διὰ
941 2572 1077 2610 τοῦτο
1114 2567 1161 2620 G,
1194 2567 1268 2611 διὸ
1302 2568 1385 2611 ΑΙ
1412 2569 1417 2621 Ι
1446 2568 1480 2610 Ι
1506 2567 1611 2610 add.
1646 2568 1726 2611 καὶ
1758 2574 1904 2611 ταῦτα

211 2624 295 2681 μὲν
326 2622 412 2669 οὖν
445 2625 614 2670 οὑτωσὶ
647 2622 898 2680 διητείσθω
931 2623 1260 2681 (διατηρείσθω
1292 2626 1532 2682 Westph.)‚
1566 2627 1616 2670 ἐν
1649 2627 1699 2670 δὲ
1733 2633 1787 2684 τῇ
1820 2625 1904 2683 (la-

212 2698 359 2728 cunae
399 2684 516 2741 sign.
549 2699 647 2741 pos.
673 2683 904 2740 Westph.>
935 2691 1071 2728 τοῦτο
1103 2686 1154 2729 δὲ
1193 2685 1244 2729 τὸ
1278 2684 1581 2742 τετράμετρον
1614 2684 1790 2741 γίνεται
1823 2686 1903 2730 καὶ

212 2744 359 2802 χωλὸν
389 2751 526 2788 τοῦτο
565 2746 579 2801 ΙΙ
620 2748 674 2787 14
708 2744 924 2787 ἀποτελεῖ
951 2744 1046 2795 AI,
1079 2741 1257 2799 γίνεται
1291 2746 1329 2789 C
1363 2747 1377 2800 ΙΙ
1411 2749 1463 2786 16
1498 2745 1582 2788 οὐκ
1615 2759 1703 2788 om.
1732 2745 1770 2788 C
1809 2746 1814 2803 Ι
1855 2745 1904 2788 ἐν

212 2816 300 2846 om.
331 2803 369 2848 C
397 2805 412 2859 ΙΙ
446 2808 498 2846 17
533 2801 721 2859 ἐμπέσοι
755 2804 849 2854 AI,
882 2802 947 2852 εἰς
977 2801 1104 2853 τέλος
1134 2803 1267 2847 πέσοι
1303 2805 1338 2848 Ο
1370 2806 1383 2859 ΙΙ
1420 2808 1475 2846 ‘20
1508 2803 1808 2861 κλεομάχειον
1841 2805 1904 2857 D,

212 2860 338 2905 idem
369 2862 450 2906 sed
484 2875 710 2918 suprascr.
744 2864 912 2904 Καλλι-
944 2862 1011 2918 ΙΙ
1049 2866 1101 2904 21
1135 2866 1357 2914 καλῶς-
1379 2868 1432 2906 24
1466 2862 1663 2921 χρόνους
1695 2878 1782 2907 om.
1818 2865 1865 2907 D
1890 2865 1905 2921 Η

214 2925 267 2963 21
302 2921 425 2965 ἐν-
445 2927 500 2964 22
533 2919 827 2979 πενταμέτρῳ
860 2935 947 2964 om.
981 2922 1044 2977 ΙΙΙ
1070 2926 1124 2964 23
1157 2920 1428 2980 ὑπερβαίνει
1464 2923 1499 2967 C
