2090 3158
861 164 1195 206 PRAEFATIO
1751 161 1878 205 XXV

188 305 348 353 altera
385 304 410 351 I
447 321 494 366 p.
532 304 822 352 154—200
868 296 1243 368 cognoscitur.¹)
1327 302 1408 349 Ad
1462 303 1698 350 amussim
1747 301 1878 350 enim

187 378 401 443 vestigia
454 378 679 434 Turnebi,
731 376 912 441 pressit
967 375 1298 436 Gaisfordius,
1360 376 1520 424 solum
1580 376 1877 424 scholiorum

186 452 370 500 librum
401 452 426 499 I
466 468 524 500 ex
554 452 769 515 Longini
801 451 1017 499 editione
1048 450 1390 510 Hudsoniana,
1429 466 1554 512 quae
1594 450 1704 512 ipsa
1734 449 1878 497 fluxit

188 543 247 574 ex
285 526 389 574 cod.
422 525 647 574 Parisino
690 526 856 586 2881,
900 524 1128 572 Turnebo
1174 525 1334 572 multo
1373 523 1650 572 uberiorem
1688 541 1735 586 p.
1772 526 1873 571 141

188 602 367 648 -152
409 593 657 666 recepit.2)
692 627 761 632 —-
794 599 1050 648 Turnebus
1083 615 1200 662 ergo
1235 599 1375 646 illam
1417 586 1748 647 scholiorumss
1780 598 1876 646 for-

186 690 321 722 mam
359 673 454 722 sibi
491 674 634 721 finxit
670 690 794 736 quae
825 689 980 735 usque
1021 673 1083 721 ad
1114 672 1622 722 Hoerschelmannum
1653 688 1744 734 pro
1777 675 1877 720 tra-

189 749 293 796 dita
338 748 626 796 habebatur.
704 748 967 795 Praeterea
1004 750 1197 795 textum
1242 746 1492 794 interdum
1539 746 1672 794 haud
1710 747 1877 808 inepte

187 821 445 870 emendare
486 822 692 870 studuit.

301 913 346 958 2.
388 911 603 959 Turnebi
636 910 916 971 editionem,
948 914 1005 958 ut
1041 911 1199 972 ipsius
1230 910 1393 958 verbis
1423 912 1552 971 utar,
1592 907 1714 957 κατὰ
1747 908 1878 958 πόδα

188 986 428 1046 expressit
457 985 560 1032 Ioh.
596 984 851 1033 Cornelius
892 984 951 1032 de
982 984 1158 1032 Pauw:
1190 978 1565 1046 ‘quamvlmvoeg
1584 976 1644 1049 (1)
1672 976 1767 1031 ’AL
1800 981 1877 1048 ἐγ-

186 1058 417 1123 χειρίδιον
442 1097 452 1106 .
472 1098 481 1107 .
501 1098 511 1107 .
537 1075 649 1107 eum
679 1058 1202 1106 animadversionibus.
1258 1059 1475 1106 Traiecti
1507 1057 1568 1106 ad
1597 1058 1688 1105 Rh.
1717 1058 1873 1105 1726.

186 1133 463 1181 Falleretur
499 1135 666 1182 tamen
705 1134 749 1181 si
780 1135 904 1195 quis,
943 1148 1055 1180 cum
1087 1133 1247 1181 obiter
1283 1133 1568 1194 inspicienti
1602 1132 1874 1179 Pauwiana

187 1207 402 1255 editione
449 1207 614 1268 imago
655 1207 997 1255 Turnebianae
1045 1208 1210 1255 offerri
1247 1207 1491 1267 videatur,
1541 1221 1742 1268 prorsus
1789 1206 1877 1253 has

187 1282 461 1329 consentire
509 1282 857 1343 suspicaretur.
941 1281 1122 1342 Immo,
1176 1283 1234 1328 ut
1277 1281 1552 1328 Dorvillius
1601 1282 1695 1341 ait,
1742 1279 1877 1327 Pavo

187 1357 353 1403 omnia
391 1355 629 1416 turbavit,
667 1358 725 1403 ut
761 1355 902 1403 nulla
939 1357 1124 1419 pagina
1164 1355 1228 1403 ad
1267 1357 1517 1415 amussim,
1554 1355 1736 1402 nedum
1770 1370 1877 1402 ver-

186 1444 269 1478 sus
314 1430 647 1491 respondeant
686 1429 1027 1477 Turnebianis.
1103 1429 1248 1478 Nova
1294 1432 1462 1477 tamen
1511 1445 1611 1476 non
1658 1444 1716 1476 ex
1766 1428 1878 1475 aliis

186 1503 328 1551 libris
359 1503 707 1565 manuscriptis
739 1504 918 1552 hausta
950 1505 1079 1565 sunt,
1120 1503 1204 1552 sed
1235 1505 1393 1565 ipsius
1424 1503 1504 1551 vel
1535 1503 1877 1566 neglegentiae

189 1578 270 1624 vel
308 1578 506 1640 ingenio
547 1577 798 1625 debentur.
873 1577 1012 1625 Idem
1050 1578 1287 1625 instruxit
1323 1577 1512 1638 primus
1553 1577 1878 1624 enchiridium

188 1653 540 1699 commentario
587 1651 848 1714 uberrimo,
894 1652 947 1698 in
990 1667 1087 1714 quo
1136 1652 1363 1712 quamvis
1402 1652 1563 1699 multa
1602 1652 1701 1699 sint
1740 1651 1876 1698 stoli·

188 1725 391 1772 dissima
429 1742 528 1773 non
568 1725 745 1774 desunt
783 1741 908 1787 quae
948 1726 1138 1787 primus
1175 1728 1308 1773 recte
1347 1727 1664 1787 perspexerit.

298 1813 668 1862 Refutaverunt
697 1814 832 1862 illius
858 1829 1044 1862 errores
1070 1813 1364 1878 Georgius
1397 1814 1517 1861 Arn
1529 1814 1719 1862 aldus:
1761 1813 1877 1874 Spe—

188 1887 344 1935 cimen
400 1888 883 1936 animadversionum
931 1890 1216 1936 criticarum
1263 1888 1326 1936 ad
1373 1889 1565 1950 aliquos
1613 1890 1876 1950 scriptores

189 1959 414 2009 Graecos.
491 1962 764 2025 Harlingae
808 1963 947 2010 1728
990 1959 1059 2030 (p.
1096 1963 1355 2012 95—158
1405 1963 1464 2010 de
1511 1962 1877 2024 Hephaestione

187 2029 376 2102 agitur)
418 2039 467 2084 et
504 2037 867 2084 Dorvillius:
920 2036 1106 2084 Critica
1143 2052 1334 2084 vannus
1374 2038 1427 2084 in
1464 2039 1637 2084 inanes
1675 2036 1876 2083 Ioannis

189 2108 403 2157 Cornelii
425 2109 641 2158 Pavonis
673 2111 856 2171 paleas.
918 2111 1191 2159 Amstelod.
1221 2113 1359 2159 1737
1397 2104 1480 2177 (de
1511 2111 1670 2172 Heph.
1703 2127 1749 2172 p.
1770 2111 1874 2157 405

188 2177 409 2251 —543).
476 2183 777 2232 Gravissime
814 2185 895 2232 hic
932 2185 1251 2247 reprehendit
1287 2185 1564 2245 Pauwium,
1604 2185 1736 2247 quod
1777 2184 1876 2231 cdi-

187 2257 372 2306 tionem
413 2258 751 2306 Florentinam
791 2259 1031 2322 neglexit,
1082 2260 1166 2307 sed
1208 2275 1509 2322 quamquam
1549 2258 1876 2307 acerbissimis

186 2332 239 2378 in
280 2347 391 2378 eum
429 2334 651 2380 invectus
693 2335 766 2380 est
806 2334 1054 2394 conviciis,
1093 2335 1199 2396 ipse
1231 2334 1315 2381 vix
1347 2333 1622 2395 quidquam
1660 2333 1777 2381 boni
1817 2332 1876 2379 de

188 2420 276 2452 suo
315 2407 536 2467 protulit.
593 2407 754 2454 Multa
785 2409 951 2455 tamen
984 2410 1230 2471 congessit
1266 2423 1296 2455 a
1330 2407 1596 2471 Scaligero,
1635 2406 1876 2468 Bentleio,

310 2593 351 2645 1)
385 2590 579 2647 Singula
612 2594 798 2635 enarrat
829 2591 1282 2636 Hoerschelmannus
1314 2593 1444 2635 MRh
1470 2597 1540 2647 36,
1560 2597 1658 2636 279.

308 2668 352 2721 2)
385 2664 528 2708 Gaisf.
554 2665 574 2708 Ι
599 2681 642 2721 p.
664 2671 746 2709 141
767 2666 896 2721 adn.;
929 2666 987 2710 cf.
1013 2666 1214 2723 Longini
1238 2680 1360 2722 quae
1393 2669 1579 2710 exstant
1610 2667 1680 2710 ed.
1706 2667 1873 2723 Egger.

189 2723 306 2779 (Par.
334 2726 382 2767 et
404 2724 527 2780 Lips.
550 2728 701 2782 1837);
726 2725 1040 2769 Hoerschelm.
1066 2725 1198 2768 MRh
1223 2730 1294 2781 36,
1313 2731 1420 2780 2763
1453 2741 1496 2782 p.
1518 2730 1616 2779 153,
1635 2731 1777 2769 1—-15
1802 2726 1873 2770 ed.

188 2781 332 2826 Gaisf.
357 2783 592 2840 particula
617 2786 688 2828 est
710 2786 939 2829 tractatus
965 2784 1047 2840 qui
1071 2785 1244 2829 dicitur
1267 2785 1544 2829 Harleianus
1571 2787 1615 2841 (a
1641 2785 1875 2828 Demetrio

187 2840 412 2886 Triclinio
436 2842 484 2885 ni
509 2843 717 2887 fallimur
740 2843 1010 2900 conscripti)
1028 2866 1083 2880 =
1100 2859 1145 2900 p.
1168 2849 1236 2897 14,
1250 2847 1394 2887 8—17
1420 2844 1509 2900 (ed.
1528 2844 1875 2888 Studemundus

188 2899 237 2942 in
269 2900 363 2945 ind.
396 2900 501 2945 lect.
530 2902 718 2947 Vratisl.
748 2904 936 2960 188778).
