2090 3158
254 193 358 246 118
949 195 1182 237 ΣΧοΛΙΑ
1211 195 1251 236 Α

252 327 643 398 ἑξασύλλαβος,
692 327 750 381 ἐκ
799 330 1074 382 δακτύλου
1114 326 1204 381 καὶ
1244 333 1464 399 χορείου
1506 328 1861 400 ἑπτάχρονος,
1909 328 1940 398 ἢ

251 409 312 464 ἐκ
365 411 469 463 δύο
525 412 757 480 χορείων
805 409 1115 479 ἑξάχρονος·
1171 411 1270 462 τὸν
1317 411 1378 464 δὲ
1430 415 1749 464 τελευταῖον
1798 411 1942 463 πόδα

254 492 519 560 λαμβάνει
573 492 605 561 ἢ
659 493 957 562 πυρρίχιον
1002 489 1035 558 ἢ
1084 490 1307 559 ἴαμβον,
1361 491 1492 544 ὅταν
1540 492 1844 562 ὁλόκληρον
1889 485 1941 560 ᾗ,

253 574 462 642 δηλαδὴ
503 575 565 627 τὸ
609 573 865 640 ἰαμβικὸν
903 573 1197 642 τρίμετρον
1235 571 1631 641 ἀκατάληκτονε
1670 604 1743 610 -
1770 571 1943 626 AGD

205 676 224 708 5
362 655 398 723 ’ξ’
439 657 596 707 ἰστέον
644 657 716 706 ὅτι
760 655 1012 716 κατακλεὶς
1059 655 1265 723 λέγεται,
1314 655 1388 706 ὅτε
1428 656 1718 723 ἀπήρτισται
1755 656 1809 707 ἐκ
1854 665 1941 708 τοῦ
1975 661 2073 721 [31]

249 731 448 791 ἀτελοῦς
496 733 564 791 εἰς
610 731 740 780 πόδα
786 730 967 780 τέλειον
1014 727 1044 794 ἡ
1093 730 1210 790 τέως
1256 730 1427 795 ἀτελὴς
1466 732 1821 798 παραλήγουσα
1859 730 1942 781 καὶ

249 806 445 871 ἐποίησε
477 806 528 855 τὸ
570 804 744 871 μέτρον
776 804 872 855 ἀπὸ
904 809 1277 869 καταλῆκτικοῦ,
1316 803 1474 870 ’ἤγουν
1507 805 1722 871 ἀτελοῦς,
1762 804 1941 855 ἀκατά-

248 885 443 946 ληκτον,
483 878 642 946 ἤγουν
681 878 875 928 τέλειον.
937 879 1123 945 γίνεται
1165 877 1216 928 δὲ
1255 880 1523 944 κατακλείς,
1564 879 1638 930 ὅτε
1670 880 1942 945 παραλήγει

249 954 273 1005 ὃ
308 955 483 1019 ἴαμβος
522 955 575 1004 ἐν
615 959 715 1012 τοῖς
760 958 1154 1018 καταληκτικοῖς,
1201 951 1360 1019 ἤγουν
1399 953 1598 1018 ἀτελέσι,
1638 954 1829 1019 μέτροις
1873 982 1937 988 —-—

182 1046 223 1077 10
248 1029 590 1095 ἐπισφράγισις
636 1028 728 1094 γάρ
776 1027 874 1077 ἐστι
921 1027 1096 1092 μέτρου
1143 1055 1203 1061 —
1247 1026 1279 1092 ἢ
1319 1028 1388 1086 εἰς
1434 1027 1752 1094 ἀμφίβραχυν
1799 1027 1830 1094 ἢ
1871 1029 1940 1088 εἰς

247 1105 487 1169 βακχεῖον.
564 1103 749 1168 γίνεται
796 1100 847 1151 δὲ
896 1102 1050 1160 οὕτως
1089 1099 1120 1165 ἡ
1170 1102 1417 1151 τελευταία
1462 1101 1546 1152 καὶ
1592 1103 1940 1168 περιττεύουσα

248 1177 464 1242 συλλαβὴ
505 1178 705 1242 βραχεῖα
743 1174 777 1241 ἢ
817 1177 998 1241 μακρά·
1039 1175 1083 1225 εἰ
1121 1174 1208 1239 μὲν
1247 1177 1464 1242 βραχεῖα,
1505 1181 1839 1241 συμπλακεῖσα
1877 1181 1942 1246 τῷ

247 1252 407 1321 ἰάμβῳ
447 1251 766 1316 ἀμφίβραχυν
805 1255 951 1315 ποιεῖ,
991 1249 1034 1298 εἰ
1073 1247 1125 1299 δὲ
1165 1251 1342 1316 μακρά,
1381 1251 1631 1316 βακχεῖον;
1671 1280 1743 1285 --
1768 1252 1820 1300 D

358 1323 394 1389 †
422 1325 532 1391 περὶ
573 1324 831 1390 διμέτρωνε
873 1322 1030 1374 ἰστέον
1071 1323 1143 1373 ὅτι
1182 1324 1380 1390 δίμετρα
1418 1323 1602 1391 λέγεται
1634 1326 1686 1375 ἐν
1718 1323 1806 1390 μὲν
1838 1330 1939 1383 τοῖς

180 1414 221 1447 15
247 1399 420 1459 ἁπλοῖς
474 1399 620 1449 ποσὶν
676 1399 726 1448 οἵ
776 1398 1086 1463 δισύλλαβοι,
1142 1393 1248 1447 οἷον
1303 1399 1479 1463 ἴαμβος
1533 1398 1616 1449 καὶ
1665 1399 1937 1465 πυρρίχιος,

246 1479 467 1539 τροχαῖος
513 1473 596 1524 καὶ
644 1472 921 1532 σπονδεῖος·
976 1473 1191 1538 δίμετροι
1238 1470 1289 1522 δὲ
1335 1472 1558 1539 λέγονται
1607 1471 1670 1533 ὡς
1709 1473 1806 1523 ἀπὸ
1846 1473 1936 1522 δύο

247 1549 503 1613 συλλαβῶν
543 1548 888 1610 συνιστάμενοι
926 1545 958 1611 ἢ
999 1546 1095 1596 ἀπὸ
1137 1547 1226 1596 δύο
1267 1546 1456 1612 χρόνων
1499 1545 1563 1607 ὡς
1603 1547 1627 1598 ὁ
1667 1548 1936 1614 πυρρίχιος.

246 1622 429 1688 λέγεται
470 1621 521 1672 δὲ
562 1623 759 1687 δίμετρα
790 1620 873 1671 καὶ
904 1621 963 1670 τὰ
1000 1621 1123 1670 κατὰ
1154 1621 1387 1670 διποδίαν
1419 1623 1720 1687 μετρούμενα
1751 1621 1783 1687 ὴ
1815 1621 1939 1671 κατὰ

247 1698 483 1762 συζυγίαν
515 1697 752 1762 τεττάρων
780 1695 967 1759 ποδῶν,
1001 1691 1106 1744 οἷόν
1138 1696 1261 1744 εἰσιν
1290 1695 1348 1745 τὰ
1375 1692 1765 1762 Ἀνακρεόντειαε
1797 1698 1937 1744 —D

179 1793 222 1824 20
362 1775 533 1842 16,10
568 1774 826 1843 ἰαμβικὸν
850 1775 1110 1843 δι’μετρον
1136 1773 1509 1842 ἀκατάληκτον
1532 1777 1724 1827 ποδῶν
1748 1774 1936 1827 ἁπλῶν
1971 1786 2053 1825 146

247 1857 534 1926 τεττάρων.
577 1888 646 1892 —-

362 1937 554 2005 16,13
628 1938 887 2006 ἰαμβικὸν
955 1938 1248 2006 τρίμετρον
1310 1921 1685 2006 ἀκατάληκτον
1745 1938 1936 1990 ποδῶν

249 2018 440 2071 ἁπλῶν
478 2018 547 2082 ἐξ.
591 2051 658 2056 -

363 2101 452 2168 16,
481 2100 548 2152 15
606 2102 862 2167 ἰαμβικὸν
915 2098 1278 2170 τετράμετρον
1325 2099 1698 2168 ἀκατάληκτον
1744 2102 1936 2153 ποδῶν

181 2198 222 2229 25
250 2181 439 2234 ἁπλῶν
479 2180 633 2234 ὀκτώ.
676 2212 747 2218 —

362 2263 443 2331 16,
462 2263 527 2314 18
556 2264 811 2331 ἰαμβικὸν
837 2263 1096 2332 δίμετρον
1119 2263 1516 2330 καταληκτικὸν
1539 2263 1729 2315 ποδῶν
1746 2262 1936 2315 ἁπλῶν

246 2352 416 2412 τριῶν
454 2344 543 2396 καὶ
584 2346 860 2411 συλλαβῆς
899 2352 1039 2412 μιᾶς.
1085 2375 1146 2381 -

363 2425 452 2493 16,
486 2426 553 2477 21
621 2426 876 2491 ἰαμβικὸν
934 2427 1225 2495 τρίμετρον
1287 2426 1683 2492 καταληκτικὸν
1743 2425 1935 2477 ποδῶν

249 2506 437 2558 ἁπλῶν
475 2505 637 2559 πέντε
677 2504 764 2558 καὶ
808 2509 1083 2574 συλλαβῆς
1122 2514 1258 2574 μιᾶς.
1300 2537 1371 2543 -

179 2604 223 2634 30
364 2587 445 2656 16,
472 2588 540 2639 23
591 2588 847 2655 ἰαμβικὸν
892 2588 1255 2656 τετράμετρον
1301 2588 1698 2655 καταληκτικὸν
1743 2588 1934 2639 ποδῶν

249 2668 437 2721 ἁπλῶν
479 2667 610 2720 ἑπτὰ
650 2667 738 2720 καὶ
781 2670 1057 2736 συλλαβῆς
1096 2676 1235 2737 μιᾶς.
1276 2700 1347 2706 —-
1386 2667 1564 2721 AGD

363 2750 445 2817 17,
474 2751 499 2800 1
546 2750 800 2819 ἰαμβικὸν
839 2751 1130 2819 τρίμετρον
1170 2752 1364 2818 χωλόν,
1406 2745 1473 2801 οὗ
1513 2749 1545 2816 ἡ
1585 2751 1868 2801 τελευταία
1901 2750 1932 2818 ἢ

367 2893 392 2930 5
427 2886 499 2931 ὅτε
532 2887 708 2943 scripsi,
744 2884 812 2930 ’ὅτι
844 2887 892 2930 D
915 2889 931 2943 ΙΙ
958 2892 1010 2930 15
1043 2888 1123 2931 καὶ
1156 2887 1332 2943 scripsi,
1366 2884 1392 2942 ἢ
1426 2887 1474 2930 D
1498 2888 1512 2943 ss
1544 2891 1598 2929 32
1633 2886 1934 2930 continuatur

244 2945 295 2988 in
330 2947 422 2990 AC
452 2946 749 2990 antecedenti
782 2945 957 2989 scholio
