2060 3168
403 218 470 258 XI
507 218 653 259 ΠΕΡΙ
682 216 945 259 ΙΩΝΙΚΟΤ
976 216 1100 258 ΤΟΤ
1132 215 1260 257 Ano
1293 215 1607 258 ΜΕΙΖΟΝΟΣ
1742 215 1852 267 243

160 359 295 421 μερῆ
360 350 635 418 τέμνεται,
697 351 758 403 τὸ
817 349 878 403 δὲ
937 350 1161 403 ι’ωνικὸν
1214 350 1352 402 κατὰ
1406 348 1595 401 ἁπλῶν
1649 351 1852 403 ποδῶν.

161 433 294 485 ὅταν
334 432 395 485 δὲ
435 432 495 484 τὸ
544 432 905 500 χοριαμβικὸν
944 432 1082 501 λάβῃ
1124 431 1219 493 τὰς
1258 431 1549 499 τροχαῖκὰς
1587 430 1618 498 ἢ
1659 431 1720 483 τὸ
1764 433 1851 483 ι’ω-

160 514 322 566 νικὸν
360 515 454 576 τὰς
494 513 766 581 ἰαμβικάς,
806 517 1104 566 καλοῦνται
1143 513 1279 567 κατὰ
1313 511 1694 564 ἆντιπάθειαν.
1759 511 1851 564 καὶ

161 596 293 648 ὅταν
331 595 434 662 μὲν
472 596 533 647 τὸ
574 595 935 663 χοριαμβικὸν
976 592 1104 646 κατ’
1142 593 1317 662 ἀρχὴν
1357 593 1494 662 λάῖδῃ
1534 593 1595 645 τὸ
1635 605 1854 662 τροχαῖ-

159 679 277 744 κόν,
319 675 771 744 ἐπιχοριαμβικὸν
810 679 1069 742 καλεῖται,
1109 675 1243 727 ὅταν
1281 675 1342 727 δὲ
1378 675 1438 726 τὸ
1473 675 1697 727 ι’ωνικὸν
1727 674 1854 727 κατ’

159 757 335 827 ἀρχὴν
376 757 592 825 δέξηται
626 758 723 809 τὸν
755 757 1030 825 διίαμβον,
1070 754 1367 809 ἐπιωνικόν
1401 753 1569 808 ἐστιν·
1612 755 1853 810 ε’πιαντι-

161 841 464 891 σπαστικὸν
503 838 563 891 δ’
603 838 703 891 οὐκ
744 835 911 906 ἔστιν,
955 835 1071 890 ἐπεὶ
1110 838 1170 890 τὸ
1211 837 1639 890 ἀντισπαστικὸν
1678 837 1854 906 φύσιν

158 914 304 989 εἶχεν
344 919 518 973 ἐνίοτε
557 920 646 972 καὶ
688 919 792 972 ἀπὸ
835 920 1152 987 διτροχαίου
1193 920 1462 988 ἄρχεσθαι
1503 919 1595 971 διὰ
1633 919 1694 971 τὸ
1735 917 1854 988 τρέ-

159 1007 366 1055 πεσθαι
406 1004 507 1068 τὴν
545 1001 720 1070 ἀρχὴν
762 1002 839 1063 εἰς
870 1001 934 1052 τὰ
966 999 1203 1069 τέσσαρα
1235 1002 1480 1068 σχήματα
1511 1009 1621 1052 τῶν
1660 1001 1849 1053 δισυλ-

160 1084 359 1151 λάβων.

275 1164 534 1232 Ὲζητεῖτο
587 1163 648 1215 δὲ
697 1163 788 1215 διὰ
834 1163 890 1214 τί
932 1163 997 1214 τὰ
1047 1163 1240 1214 ἰωνικὰ
1288 1160 1542 1225 ἐδέξαντο
1591 1164 1722 1225 τοὺς
1771 1163 1853 1215 δι-

158 1247 459 1314 τροχαίους.
546 1243 886 1312 ἐπιλυόμεθα
941 1245 974 1295 δ
988 1242 1001 1263 '
1048 1242 1241 1306 οὕτως·
1298 1252 1413 1306 τοῖς
1469 1245 1712 1305 ι’ωνικοῖς
1768 1244 1853 1297 ε’ν-

160 1327 350 1380 δέουσι
411 1327 653 1395 μετρικοὶ
716 1326 905 1392 πόδες,
968 1323 1073 1378 εἰσὶ
1127 1326 1232 1393 γὰρ
1290 1323 1348 1377 ἐκ
1411 1326 1708 1378 σπονδείου
1762 1323 1849 1378 καὶ

160 1410 458 1477 πυρριχίου
497 1409 564 1460 τὰ
604 1407 818 1459 ι’ωνικά·
865 1407 1109 1475 μετρικοὶ
1150 1407 1210 1459 δὲ
1249 1407 1415 1469 πόδες
1454 1407 1560 1459 εἰσὶ
1599 1415 1854 1475 τροχαῖος

162 1493 356 1557 ἴαμβος
397 1490 666 1550 δάκτυλος
712 1488 1067 1554 ἀνάπαιστος,
1116 1488 1315 1550 οἵτινες
1352 1496 1416 1556 τῇ
1458 1489 1703 1558 ποικιλίᾳ
1741 1497 1853 1540 τῶν

160 1574 376 1640 χρόνων
428 1571 798 1638 κοσμούμενοι
852 1568 1020 1669 μέτρα
1076 1570 1192 1622 ἴδια
1244 1577 1526 1622 ποιοῦσιν·
1584 1572 1740 1622 οὑτοι
1790 1567 1853 1621 δὲ

159 1656 456 1705 καλοῦνται
495 1649 740 1720 μετρικοὶ
779 1651 868 1703 καὶ
909 1650 1173 1719 ῥυθμικοὶ
1213 1652 1401 1713 πόδες·
1453 1652 1518 1703 τὰ
1559 1649 1619 1702 δ’
1659 1652 1853 1703 ἰωνικα

158 1733 351 1803 μέτρα,
398 1735 470 1802 μὴ
519 1730 713 1801 ἔχοντα
763 1733 864 1800 τὴν
901 1733 1194 1802 ισύνθεσιν
1234 1731 1294 1786 ἐκ
1332 1752 1603 1800 μετρικων
1642 1734 1850 1800 ποδῶν,

159 1816 231 1877 ὡς
278 1816 637 1884 προείπομεν,
690 1812 1000 1882 ἐδεήθησαν
1038 1823 1151 1866 τῶν
1191 1814 1523 1882 διτροχαίων
1560 1815 1717 1886 πρὸς]
1756 1816 1851 1868 σύ-

8 1953 26 2044 2
72 1991 128 2031 80
163 1978 372 2044 ι’ωνικά,
411 1979 477 2030 τὰ
519 1977 580 2030 δὲ
619 1977 878 2045 τροχαῖκὰ
919 1976 1181 2029 σύντονα·
1225 1976 1371 2039 ὅπως
1407 1972 1510 2029 οὖν
1541 1979 1732 2046 κρᾶσίς
1770 1998 1852 2040 τις

15 2123 24 2131 1
162 2058 407 2127 γένηται,
454 2061 744 2126 συνῆλθον
789 2066 904 2119 τοῖς
953 2060 1195 2120 ι’ωνικοῖς
1240 2059 1306 2110 τὰ
1352 2059 1626 2159 τροχαϊκα.
1711 2059 1850 2122 απαξ

0 2144 127 2227 ιι91)
161 2137 222 2192 δε
277 2149 389 2192 τῶν
443 2140 773 2208 διτροχαίων
826 2138 1172 2205 ἐμπεσόντων
1227 2159 1303 2200 εις
1352 2140 1418 2191 τὰ
1466 2140 1682 2208 ι’ωνικα,
1737 2149 1852 2202 τοῖς

19 2291 22 2294 .
160 2220 491 2275 ἀντιπαθέσι
539 2230 651 2273 τῶν
699 2222 938 2273 ι’ωνικῶν
978 2224 1264 2288 συνῆλθον
1304 2222 1360 2273 αὶ
1410 2220 1655 2289 ιάμβικαὶ
1696 2222 1851 2274 διπο-

0 2306 21 2375 ,⁵
164 2303 296 2370 δίαι,
336 2301 475 2371 φημὶ
517 2303 584 2370 δὴ
624 2307 699 2374 τῷ
733 2300 1138 2373 ἀντισπαστικῷ
1170 2300 1260 2354 καὶ
1300 2305 1646 2374 χοριαμβικῷ.

27 2397 126 2454 ῥ91)
274 2382 511 2455 (35,12)
560 2384 634 2436 Τὸ
683 2384 1016 2448 καλούμενον
1066 2384 1437 2449 Κλεομάχειον.
1485 2415 1558 2421 -
1609 2383 1637 2437 ὁ
1679 2385 1850 2437 Κλεό-

0 2472 31 2514 Ι-
159 2486 329 2534 μαχος
384 2463 444 2516 δ’
492 2459 651 2527 οὗτος
706 2464 912 2533 πύκτης
964 2460 1059 2532 ἦν,
1113 2462 1372 2534 ἐρασθεὶς
1426 2463 1490 2516 δέ
1540 2482 1671 2517 ποτε
1717 2463 1848 2518 νέου

16 2615 23 2634 ι
160 2550 435 2616 μετῆλθεν
475 2547 552 2608 εἰς
591 2548 893 2614 ποιητικήν.

0 2643 22 2680 ’ξ
280 2675 305 2712 2
339 2670 390 2713 δὲ
415 2669 648 2722 Hoersch„
684 2668 741 2725 δὴ
777 2668 908 2712 codd.
934 2670 999 2723 114
1031 2665 1134 2711 κατ’
1158 2674 1256 2711 —5
1285 2669 1475 2712 ἰωνικὸν
1501 2682 1588 2712 om.
1619 2669 1693 2725 UH
1718 2673 1742 2712 6
1777 2670 1847 2712 δι-

163 2745 243 2830 “2⁶1“
261 2728 738 2831 οέἶὰίἴῖἶῖἴῑῖνὶκῖι
760 2727 977 2831 (ἒῖσὲἶτῖᾗ
999 2726 1280 2836 Ιὶοῖςτόἑιῗῗ
1304 2728 1458 2840 οἷοὶξ
1453 2733 1472 2769 ¹
1493 2727 1847 2844 ῧῗῂἒὲέἔᾞεῗῖ

163 2801 216 2889 ξ’)
251 2845 548 2902 ἐπιλυόμενος
582 2848 655 2903 ΠΗ
683 2851 734 2888 13
769 2804 875 2903 γὰχρ]
909 2846 993 2889 οὐκ
1029 2847 1101 2920 UH
1128 2851 1182 2889 14
1215 2804 1384 2890 δὲχοῐῐι.
1410 2846 1453 2888 ζ
1472 2847 1486 2901 ΙΙ
1515 2850 1565 2888 16
1591 2846 1641 2890 δὲ
1668 2859 1755 2890 om
1782 2848 1848 2902 ΠΙΙ

165 2910 216 2947 17
251 2903 494 2978 ῥυθμικοὶ]
527 2905 772 2960 ἀριθμικοὶ
800 2905 851 2947 K
872 2906 878 2960 Ι
907 2901 977 2962 δ’]
1011 2901 1094 2948 οὖν
1123 2906 1195 2961 Ul}
1222 2909 1274 2948 18
1302 2904 1521 2949 σύντασιν
1544 2919 1674 2961 prop.
1688 2903 1814 2949 C.aes
1835 2908 1849 2962 ΙΙ

163 2968 218 3006 20
252 2962 299 3009 δ’
328 2979 414 3008 om.
442 2965 528 3020 ΚΙΙ
552 2969 606 3007 22
642 2962 818 3020 γίνεται
851 2963 926 3020 UH
951 2968 1005 3006 26
1040 2962 1289 3021 κλεομαχος
1320 2966 1424 3020 (om.
1460 2961 1527 3020 δ’)
1561 2964 1605 3008 U

1495 3037 1578 3080 16*

1900 694 1919 727 5

1878 1103 1921 1134 10

1878 1508 1920 1541 15

159 1911 375 1949 στασιν·
438 1897 649 1948 τούτων
705 1893 751 1946 δ’
808 1893 1147 1962 ἐδεήθησαν,
1210 1894 1325 1947 ἐπεὶ
1387 1896 1563 1964 χαῦνά
1626 1898 1730 1948 εἰσι
1785 1898 1852 1949 τὰ
1875 1915 1919 1947 20
