2060 3168
183 163 292 216 284
775 167 1008 209 ΣΧΟΛΙΑ
1038 169 1075 208 Β
1109 166 1206 223 (lib.
1226 166 1282 223 V)

183 301 380 366 αὐτοῦ,
427 302 528 369 τὴν
574 302 798 368 πρώτην
844 302 934 353 καὶ
975 300 1264 371 δευτέραν,
1317 301 1421 354 ἀπὸ
1463 303 1742 356 δακτύλου
1780 303 1869 356 καὶ

182 383 483 434 σπονδείου
516 381 831 451 ἀδιαφόρως
855 381 886 450 ἢ
913 381 1270 452 ἀμφιμάκρου
1302 383 1391 435 καὶ
1422 386 1870 452 παλιμβακχείου,
1903 395 1961 435 20

183 468 447 531 καθαρῶν
493 463 682 531 μέντοι
729 465 819 516 καὶ
867 462 927 516 ἐν
974 461 1121 526 τάξει
1173 464 1446 516 δακτύλου
1494 464 1761 533 κειμένων
1799 466 1872 528 ὡς

181 543 270 596 καὶ
309 542 368 596 ἐν
400 552 474 617 τῷ
511 545 727 616 ἡρωϊκῷ
762 545 985 614 εἴρηται,
1017 545 1119 612 τὴν
1150 544 1212 596 δὲ
1242 546 1432 614 τρίτην
1464 544 1522 598 ἐκ
1554 547 1870 614 σπονδείου,

138 643 156 675 5
183 627 283 693 τὴν
331 623 391 678 δὲ
437 627 700 694 τετάρτην
747 624 800 688 ἐξ
850 626 1215 694 ἀναπαίστου,
1266 627 1367 694 τὴν
1414 623 1475 678 δὲ
1521 626 1770 696 πέμπτην
1817 626 1870 691 ἐξ

114 1057 156 1088 10

113 1462 153 1494 15

182 705 522 759 ἀναπαίστου
571 707 603 775 ἢ
650 709 871 776 χορείου
929 708 1019 759 διὰ
1073 709 1134 760 τὸ
1187 706 1500 778 ἀδιάφορον
1550 715 1645 776 τῆς
1689 712 1871 761 τελευ-

180 790 333 849 ταιάς
372 791 661 855 συλλαβῆς.

292 877 339 928 2.
383 875 611 929 Βέλτιον
652 877 713 929 δὲ
753 877 897 930 οὕτω
937 886 1178 947 μετρεῖν·
1221 876 1336 930 ἐπεὶ
1375 876 1465 930 καὶ
1499 879 1577 940 εἰς
1609 879 1711 931 δύο
1753 879 1870 950 διῄ-

183 977 339 1025 ρηται
394 963 775 1027 πενθημιμερῆ
831 959 979 1026 <εἰς>
1033 958 1196 1027 μέρος
1252 960 1419 1027 λόγου
1477 958 1871 1030 ἀπαρτιζόμενα

180 1040 315 1091 κατὰ
354 1039 454 1107 τὴν
492 1041 666 1107 τομήν
706 1039 1136 1110 (πενθημιμερὲς
1177 1039 1241 1092 δέ
1277 1039 1391 1092 ἐστι
1429 1044 1490 1092 τὸ
1531 1039 1591 1093 ἐκ
1631 1042 1734 1094 δύο
1772 1059 1871 1094 πο-

181 1121 293 1172 δῶν
340 1119 430 1172 καὶ
471 1119 795 1192 συλλαβῆς),
848 1121 1151 1190 ἐπιδέχεται
1192 1117 1296 1174 οὖν
1334 1124 1470 1174 κατὰ
1507 1124 1609 1191 τὴν
1646 1123 1871 1191 πρώτην

179 1200 269 1253 καὶ
319 1201 584 1270 δευτέραν
635 1203 820 1271 χώραν
861 1203 1135 1256 δάκτυλον
1174 1204 1264 1256 καὶ
1304 1205 1601 1257 σπονδεῖον
1640 1203 1870 1273 ἀδιαφό-

180 1303 287 1350 ρως
335 1284 366 1351 ἢ
414 1284 502 1335 καὶ
550 1285 982 1352 παλιμβάκχειον
1020 1283 1052 1352 ἢ
1102 1284 1458 1354 ἀμφίμακρον
1496 1285 1870 1355 θεραπευομέ-

180 1385 315 1426 νους
355 1365 427 1427 ὡς
463 1371 690 1434 εἴρηται,
731 1360 846 1418 εἶτα
878 1367 1161 1434 συλλαβὴν
1191 1368 1406 1435 μακρὰν
1438 1366 1870 1436 ἀπαρτιζομένην

179 1447 255 1507 εἰς
302 1445 465 1514 μέρος
510 1449 677 1516 λόγου
718 1447 806 1499 καὶ
845 1449 979 1513 μετὰ
1020 1448 1224 1516 ταύτην
1264 1447 1431 1501 πάλιν
1470 1447 1658 1518 ἕτερον
1698 1454 1868 1501 πενθ-

177 1527 434 1596 ημιμερὲς
482 1527 542 1580 ἐκ
589 1529 692 1581 δύο
743 1529 1030 1581 δακτύλων
1076 1530 1164 1582 καὶ
1217 1532 1494 1597 συλλαβῆς
1535 1530 1867 1599 ἀδιαφόρου,

179 1602 302 1661 οἷον
341 1607 574 1680 (Gallim.
599 1607 734 1680 488)

327 1706 535 1774 Νήϊδες
574 1708 628 1759 οἳ
666 1707 875 1775 μούσης
915 1707 1016 1759 οὐκ
1058 1706 1315 1775 ἐγένοντο
1356 1710 1525 1775 φίλοι.

179 1809 379 1862 τούτου
421 1811 522 1879 γὰρ
566 1810 596 1878 ἡ
637 1813 775 1878 τομή
814 1809 964 1863 ἐστιν
1003 1809 1064 1863 ἐν
1103 1817 1177 1883 τῷ
1215 1812 1438 1880 μούσης.

290 1898 337 1950 3.
395 1896 552 1950 Ἀλλὰ
606 1900 666 1951 τὸ
721 1896 822 1968 μὲν
875 1909 1093 1968 πρῶτον
1147 1899 1551 1970 πενθημιμερές
1605 1898 1756 1952 ἐστιν
1810 1899 1866 1951 ἐκ

179 1979 455 2031 δακτύλου
500 1978 590 2031 καὶ
639 1981 939 2033 σπονδειόυ
986 1982 1076 2033 καὶ
1123 1984 1400 2049 συλλαβῆς
1446 1989 1678 2050 μακρᾶς,
1731 1981 1864 2049 ὅπερ

178 2056 328 2111 ἔστιν
390 2059 477 2112 ὅτε
545 2059 635 2112 καὶ
706 2060 1053 2131 ἀμφοτέρους
1121 2065 1251 2124 τοὺς
1320 2063 1493 2124 πόδας
1563 2060 1866 2131 ἐπιδέχεται

179 2141 486 2202 δακτύλους
532 2141 564 2209 ἢ
605 2142 933 2204 σπονδείους
971 2143 1004 2211 ἢ
1043 2144 1133 2195 καὶ
1172 2145 1271 2196 τὸν
1309 2153 1529 2213 πρῶτον
1568 2144 1868 2196 σπονδεῖον

178 2220 267 2273 καὶ
306 2223 404 2274 τὸν
444 2223 706 2291 δεύτερον
751 2224 1044 2276 δάκτυλον·
1085 2226 1144 2276 τὸ
1191 2222 1251 2277 δὲ
1296 2226 1557 2293 δεύτερον
1600 2230 1866 2292 πενθημι-

112 2320 152 2350 25
177 2303 334 2371 μερὲς
367 2304 584 2365 πάντως
624 2307 733 2372 ε”χει
773 2306 875 2357 δύο
918 2306 1224 2368 δακτύλους
1263 2306 1352 2358 καὶ
1392 2307 1674 2374 συλλαβὴν
1714 2305 1865 2358 ἀδιά-

179 2404 374 2453 φορον.

298 2565 320 2600 2
355 2558 687 2618 παλιβακχείου
720 2562 800 2603 καὶ
826 2576 860 2616 p
900 2564 924 2631 fl
954 2567 978 2604 3
1012 2563 1242 2606 δακτύλου
1274 2563 1326 2615 Ζ,
1360 2563 1599 2606 δακτύλων
1633 2563 1679 2605 Y
1710 2564 1723 2618 ΙΙ
1760 2566 1785 2603 5
1818 2561 1863 2613 ἐξ

178 2619 220 2660 ἀ.
254 2635 290 2661 τ.
326 2620 365 2661 ὁ.
400 2635 444 2661 π.
480 2621 531 2671 Ζ,
565 2633 650 2662 om.
682 2620 727 2662 Y
774 2622 787 2676 ΙΙ
843 2626 867 2663 6
901 2618 947 2678 ὴ]
981 2622 1059 2664 καὶ
1087 2637 1122 2677 p
1175 2625 1188 2678 ΙΙ
1244 2628 1268 2664 9
1302 2597 1679 2678 ἀπαρτιζόμενα],
1712 2621 1863 2675 ἀπαρ-

178 2676 357 2731 τιζομεπ
362 2694 415 2720 ου
448 2678 519 2721 vel
552 2677 939 2734 καταρτιζομένου
973 2681 1103 2724 codd
1130 2683 1144 2736 ΙΙ
1171 2685 1224 2723 10
1260 2681 1327 2738 ἐκ]
1361 2682 1445 2724 ουκ
1470 2695 1507 2736 p
1537 2682 1551 2736 Η
1585 2684 1638 2722 15
1671 2679 1860 2736 ταύτην]

178 2735 261 2790 τὴν
292 2751 323 2790 p
361 2738 374 2792 ΙΙ
417 2741 469 2779 18
503 2736 660 2791 νήιδες
691 2737 735 2780 οἱ
767 2738 933 2793 Heph.
966 2737 1135 2794 ἡνίδεω
1170 2740 1301 2783 codd.
1349 2741 1363 2795 ΙΙ
1411 2744 1465 2782 22
1498 2739 1606 2788 τοὺς
1635 2737 1787 2787 πόδας
1818 2740 1864 2781 ei:

179 2800 233 2836 23
268 2793 293 2849 ἠ
329 2793 604 2846 σπονδείους
635 2810 721 2839 om.
751 2797 778 2839 k
802 2799 816 2853 ΙΙ
841 2802 893 2839 23
928 2800 1034 2852 post
1066 2797 1342 2849 σπονδείους
1366 2798 1584 2841 Hoersoh.
1618 2798 1756 2854 putat
1789 2810 1863 2840 ex-

179 2853 346 2896 cidisse
388 2852 413 2908 ἢ
453 2854 534 2898 τὸν
577 2862 759 2927 πρῶτον
800 2854 1028 2900 δάκτυλον
1073 2858 1151 2900 καὶ
1194 2858 1274 2901 τὸν
1315 2858 1531 2912 δεύτερον
1571 2858 1819 2900 σπονδεῖον
1850 2856 1865 2915 Ἡ

180 2917 233 2955 25
268 2913 351 2955 δύο
385 2926 471 2956 om.
505 2915 532 2956 k
