2090 3158
633 161 757 202 VIII.
791 160 935 200 ΠΕΡΙ
966 159 1445 201 ΑΝΑΠΑΙΣΤΙΚΟΤ.
1813 157 1884 210 27

191 299 370 364 μόνον
392 296 761 365 παροιμιακὸν
783 297 1031 347 καλοῦσι.
1094 295 1373 362 Κρατῖνος
1398 289 1458 345 δὲ
1484 291 1547 345 ἐν
1564 290 1886 347 Ὀδυσσεῦσι

195 376 355 448 (144)
398 385 618 446 συνεχεῖ
657 376 804 446 αὐτῷ
845 374 1135 444 ἐχρήσατο·

415 488 580 556 σιγάν
618 508 726 540 νυν
765 488 904 548 ἅπας
943 484 1030 555 ἔχε
1070 485 1235 554 σιγάν
1677 511 1691 534 ι

414 570 503 622 καὶ
541 569 722 621 πάντα
761 570 931 636 λόγον
966 567 1102 636 τάχα
1139 567 1352 620 πεύσει·
1414 584 1450 610 -·

413 651 545 719 ἡμῖν
585 648 633 702 δ’
673 649 864 718 Ἰθάκη
903 652 1099 717 πατρίς
1138 648 1270 715 ἐστι,
1911 671 1930 704 5

412 731 652 799 πλέομεν
691 729 739 784 δ’
788 729 875 798 ἅμ’
916 729 1171 783 Ὀὃυσσέῖ
1210 732 1364 801 θείῳ.

189 845 274 911 (7)
315 847 546 911 Πρῶτος
577 840 638 895 δὲ
667 841 971 911 Ἀρχίλοχος
1010 839 1276 910 ἐχρήσατο
1317 846 1394 911 τῷ
1433 840 1658 909 μεγέθει
1690 841 1885 913 τούτῳ,

185 923 248 977 ἐν
287 934 403 987 τοῖς
440 923 821 994 τετραμέτροις
851 920 1123 991 προτάξας
1163 922 1297 975 αὐτὸ
1337 930 1438 975 τοῦ
1481 923 1885 990 ῑθυφαλλικοῦ·

187 1007 247 1058 τὸ
287 1007 392 1074 γὰρ
434 1004 553 1077 (79)

402 1086 771 1156 Ἐρασμονίδη
812 1090 1052 1155 Χαρίλαε
1909 1109 1952 1142 10

52 1175 151 1236 [52]
186 1167 557 1238 ἑφθημιμερές
597 1168 748 1221 ἐστιν
779 1167 1197 1221 ἀναπαιστικόν·
1238 1167 1503 1237 ἐχρήσατο
1538 1163 1598 1219 δὲ
1630 1173 1705 1240 τῷ
1739 1168 1885 1236 πρώ-

184 1270 258 1322 τῳ
298 1251 429 1304 ποδὶ
468 1251 557 1303 καὶ
592 1251 784 1322 ἰάμβῳ,
826 1250 898 1312 ὡς
928 1248 1019 1302 καὶ
1061 1248 1118 1301 ἐκ
1157 1257 1258 1302 τοῦ
1294 1249 1732 1318 παραδείγματός
1771 1247 1886 1302 ἐστι

186 1333 375 1401 δῆλον,
414 1333 504 1385 καὶ
545 1333 820 1404 σπονδείῳ
861 1330 1088 1402 (Archil.
1122 1329 1216 1401 82)

407 1415 668 1483 Δήμητρί
702 1433 759 1466 τε
798 1423 982 1482 χεῖρας
1022 1411 1247 1480 ἀνέξων,

184 1494 501 1567 ἀναπαίστῳ
543 1492 604 1547 δὲ
643 1503 717 1566 τῷ
749 1495 946 1566 πρώτῳ
979 1492 1068 1547 ἐπὶ
1101 1494 1203 1546 δύο
1236 1495 1425 1562 μόνων
1457 1496 1662 1563 στίχων
1692 1503 1882 1565 κεχρῆ-
1907 1517 1948 1549 15

184 1582 322 1629 σθαι
362 1578 514 1629 δοκεῖ
552 1574 664 1647 (79,
689 1575 747 1647 2)

408 1657 541 1727 ε’ρέω
581 1660 724 1710 πολὺ
766 1655 993 1725 φίλταθ’
1041 1655 1274 1725 ἑταίρων

186 1741 275 1792 καὶ
319 1738 440 1811 (80)

410 1821 624 1890 φιλέειν
665 1822 908 1888 στυγνόν
946 1838 1047 1887 περ
1090 1818 1270 1871 ε’όντα·

185 1911 353 1955 ταῦτα
410 1900 471 1955 δὲ
526 1902 809 1973 ἀμφότερα
861 1902 998 1954 κατὰ
1052 1901 1478 1969 συνεκφώνησιν
1528 1903 1728 1971 ἴαμβον
1768 1903 1876 1970 ἔχει
1904 1925 1947 1957 20

185 1985 283 2036 τὸν
321 1994 543 2054 πρῶτον
581 1985 739 2037 πόδα.

299 2066 381 2133 (8)
422 2069 471 2118 Τ
465 2072 509 2137 ῷ
543 2066 605 2118 δὲ
639 2065 1011 2136 άναπαιστικῷ
1029 2063 1422 2117 ὑποστέλλοιτο
1449 2063 1519 2116 ἂν
1543 2065 1633 2117 καὶ
1658 2065 1719 2117 τὸ
1745 2082 1880 2134 προ-

96 2155 152 2194 29
185 2148 577 2214 κελευματικὸν
622 2145 727 2199 ὑπ’
774 2145 939 2199 ἐνίων
985 2146 1355 2213 καλούμενον,
1407 2138 1530 2198 οἷον
1581 2147 1642 2198 τὸ
1692 2147 1880 2216 τετρά-

52 2232 152 2291 [53]
185 2247 387 2297 μετρον
426 2237 589 2281 τοῦτο
630 2229 690 2280 τὸ
743 2226 1191 2295 Ἀριστοφάνειον
1231 2224 1527 2298 (Aristoph.
1561 2227 1624 2278 fr.
1651 2226 1781 2298 698)

409 2311 490 2372 τίς
529 2311 661 2378 ὄρεα
699 2309 998 2377 βαθύκομα
1035 2306 1151 2360 τάδ’
1201 2307 1430 2361 ἐπέσυτο
1470 2311 1711 2377 βροτῶν·
1905 2330 1946 2363 85

306 2504 361 2542 22
394 2499 509 2543 Mar.
543 2499 663 2543 vict.
691 2499 754 2542 VI
779 2504 849 2554 98,
886 2504 936 2541 17

299 2682 369 2730 26,
381 2682 570 2730 25—27‚
584 2682 606 2720 1
619 2677 934 2732 παροιμιακὸν
948 2676 1092 2733 μόνον
1108 2677 1221 2720 αὐτὸ
1235 2678 1428 2720 καλοῦσι
1438 2677 1500 2730 D,
1512 2691 1558 2720 π.
1570 2693 1613 2732 μ.
1624 2682 1760 2719 τοῦτο
1772 2692 1811 2720 κ.
1825 2678 1857 2719 Ι
1875 2682 1877 2685 ’

187 2741 213 2778 3
248 2744 383 2793 σιγᾶν
416 2753 501 2780 νυν
534 2737 602 2791 D,
650 2736 783 2794 σιγὰν
824 2743 909 2779 νῦν
942 2738 1029 2780 ΑΙ
1082 2741 1086 2792 1
1146 2736 1244 2793 ἔσχε
1277 2737 1327 2779 D
1380 2739 1394 2790 ΙΙ
1448 2740 1475 2778 4
1506 2735 1652 2791 πεύση
1687 2737 1839 2779 DIH
1863 2738 1876 2791 ΙΙ

187 2801 213 2838 5
247 2796 414 2850 πατρὶς
444 2795 538 2840 ἔστι
571 2797 616 2839 Α
670 2798 683 2851 ΙΙ
739 2801 763 2839 6
798 2794 960 2839 ὁδυσεί
988 2797 1054 2849 A,
1089 2795 1279 2839 ὀδυσσεῐ
1304 2796 1394 2838 DI
1441 2797 1455 2850 ΙΙ
1510 2800 1535 2837 8
1568 2801 1666 2843 τοῖς
1696 2793 1879 2850 μέτροις

187 2855 311 2909 DII!
339 2858 392 2898 10
424 2852 633 2912 χαρίλαε]
666 2852 854 2909 περίλαε
886 2855 933 2897 D
965 2857 979 2911 Η
1014 2861 1066 2898 12
1100 2855 1162 2906 ὡς
1201 2854 1251 2897 ἐκ
1284 2860 1388 2909 (om.
1423 2854 1520 2911 καὶ)
1555 2855 1603 2897 D
1649 2857 1662 2909 ΙΙ
1712 2858 1765 2896 18
1799 2854 1878 2896 καὶ

186 2912 328 2956 πάλιν
361 2915 424 2970 ΙΙΙ
450 2919 504 2956 22
538 2914 988 2969 προκελευσματικὸν
1021 2915 1143 2970 ΒΙΙΙ
1168 2918 1223 2956 25
1258 2911 1476 2956 ἐπέσσυτο
1509 2914 1558 2956 Ι)
