2090 3158
234 179 300 232 16
429 180 851 221 ΗΦΑΙΣΤΙΩΝΟΣ
883 180 1274 222 EPXEIPIAION
1305 182 1450 222 ΠΕΡΙ
1479 181 1739 223 ΜΕΤΡῼΝ.

231 324 346 378 τοῖς
384 322 643 383 κωμικοῖς
683 323 948 382 συνεχῶς,
1003 315 1150 383 παρὰ
1188 314 1251 366 δὲ
1302 324 1418 376 τοῖς
1451 316 1798 384 ἰαμβοποιοῑς
1829 314 1919 368 καὶ

232 405 511 467 τραγικοῖς
573 396 962 463 σπανιώτερον.
1038 395 1159 448 Ὅτε
1213 396 1314 464 μὲν
1384 391 1488 448 οὗν
1548 395 1921 464 ἀκατάληκτόν

233 478 401 546 ἐστιν,
441 476 530 530 ἐπὶ
568 484 664 545 τῆς
702 479 1015 539 τελευταίας
1053 478 1154 530 τὸν
1194 480 1394 545 ἴαμβον
1433 476 1644 546 δέχεται
1683 479 1856 546 μόνον
1887 476 1919 545 ἢ

231 561 529 629 πυρρίχιον
576 559 668 611 διὰ
713 559 814 626 τὴν
860 558 1198 626 ἀδιάφορον,
1239 558 1371 610 ὅταν
1411 558 1474 611 δὲ
1510 561 1921 627 καταληκτικόν,

190 660 209 692 5
235 642 334 694 τὸν
375 643 574 709 ἴαμβον
612 642 1002 708 παραλήγοντα
1035 671 1104 676 -
1135 638 1168 707 ἢ
1210 641 1453 701 σπανίως
1490 641 1794 708 τρίβραχυν
1834 671 1922 707 -,

234 724 371 775 ὥστε
426 724 684 790 γίνεσθαι
737 722 838 788 τὴν
899 722 1226 774 κατάκλειδα
1286 722 1407 788 ἤτοι
1471 720 1828 790 ἀμφίβραχυν
1888 719 1920 788 ἢ

231 807 503 872 βακχεῖον.

345 884 598 952 (2)’Έστι
615 885 677 938 δὲ
693 884 929 954 ἐπίσημα
946 884 1008 938 ἐν
1033 884 1180 957 αὐτῷ
1192 884 1534 952 ἀκατάληκτα
1557 884 1659 952 μὲν
1676 884 1922 952 δι’μετρα,
1956 887 2053 946 [32]

237 960 358 1020 οἷον
395 968 462 1019 τὰ
513 965 921 1035 Ἀνακρεόντεια
961 967 1061 1019 ὅλα
1100 964 1312 1035 ᾄσματα
1349 964 1650 1035 γέγραπται
1691 963 1811 1035 (89)

167 1067 210 1100 10
458 1047 563 1115 ε’ρῶ
603 1067 661 1100 τε
701 1049 866 1116 δηῦτε
905 1047 1043 1100 κούκ
1083 1045 1188 1116 ἐρῶ

454 1129 545 1181 καὶ
585 1133 850 1198 μαίνομαι
887 1129 990 1182 κού
1029 1131 1313 1196 μαίνομαι·

233 1213 492 1279 τρίμετρα
532 1211 592 1263 δὲ
633 1209 847 1281 (Anacr.
875 1209 969 1282 84)

455 1289 577 1344 ἔστε
617 1291 823 1355 ξένοισι
861 1294 1126 1361 μειλίχοις
1165 1290 1402 1354 ἐοικότες

233 1375 597 1442 τετράμετρον
638 1374 699 1426 δὲ
739 1367 861 1427 οἷον
900 1374 960 1426 τὸ
1001 1373 1244 1426 Ἀλκαίου
1287 1371 1405 1444 (56)
1959 1380 2012 1419 18

168 1474 209 1506 15
458 1454 607 1518 δέξαι
631 1474 695 1521 με
727 1455 1061 1523 κωμάζοντα,
1086 1453 1253 1522 δέξαι,
1278 1456 1538 1522 λίσσομαί
1558 1468 1636 1522 σε,
1654 1456 1924 1520 λίσσομαι.

235 1538 318 1605 (3)
374 1537 791 1604 Καταληκτικὸν
842 1533 902 1588 δὲ
963 1538 1222 1605 δι’μετρον
1275 1537 1336 1588 τὸ
1385 1536 1731 1601 καλούμενον
1778 1533 1927 1587 Ἀνα-

235 1619 549 1685 κρεόντειον
590 1611 711 1670 οἷον
752 1615 966 1688 (Anacr.
993 1617 1086 1687 92)

461 1698 488 1750 ὁ
528 1695 630 1765 μὲν
667 1698 854 1751 θέλων
893 1700 1183 1767 μάχεσθαι,

459 1781 690 1850 πάρεστι
729 1781 851 1850 γάρ,
891 1780 1173 1849 μαχέσθω·

170 1880 213 1912 20
236 1863 526 1931 τρίμετρον
567 1862 628 1914 δὲ
668 1855 790 1914 οἷον
829 1862 890 1914 τὸ
934 1862 1253 1931 Ἀρχιλόχου
1295 1859 1451 1932 (116)
1962 1864 2058 1922 [33]

460 1945 628 2012 ὄγμος
666 1951 837 1996 κακοῦ
879 1940 940 1995 δὲ
979 1945 1184 2012 γήραος
1222 1948 1499 2012 καθαιρεῖ·

237 2025 603 2093 τετράμετρον
643 2021 703 2076 δὲ
743 2017 866 2077 οἷον
903 2025 964 2076 τὸ
996 2023 1366 2086 Ἱππώνακτος
1405 2022 1523 2095 (90)

460 2105 511 2157 εἴ
554 2125 645 2174 μοι
694 2104 908 2172 γένοιτο
960 2104 1241 2175 παρθένος
1286 2107 1425 2173 καλή
1463 2125 1520 2157 τε
1570 2105 1660 2157 καὶ
1698 2104 1926 2174 τέρεινα.

358 2307 410 2345 16
444 2302 558 2346 Mar.
592 2302 711 2345 ΡΙοίῑ.
729 2303 792 2345 VI
817 2307 924 2357 520,
952 2308 990 2346 6.
1048 2302 1175 2346 Caes.
1209 2303 1337 2346 Bass.
1358 2301 1420 2345 VI
1445 2307 1545 2356 263,
1575 2307 1643 2346 15.
1695 2302 1770 2345 At.
1803 2302 1926 2345 Fort.

237 2360 300 2404 VI
325 2365 424 2415 293,
453 2366 520 2404 10.
569 2362 683 2404 Mar.
709 2362 829 2405 Viot.
855 2362 918 2405 VI
943 2367 1014 2415 81,
1040 2366 1109 2404 23.
1171 2361 1341 2417 Oxyrh.
1375 2362 1487 2417 Pap.
1514 2361 1557 2403 ΙΙ
1587 2377 1630 2418 p.
1658 2365 1713 2405 46
1748 2361 1832 2404 col.
1858 2361 1924 2418 Χ)

239 2425 291 2462 21
325 2421 399 2463 At.
433 2421 555 2463 Fort.
575 2421 638 2463 VI
663 2425 762 2475 299,
790 2426 843 2463 15
869 2423 883 2477 ΙΙ
909 2426 963 2463 22
997 2421 1111 2464 Mar.
1138 2421 1258 2464 Vicb.
1278 2421 1341 2464 VI
1368 2426 1466 2474 135,
1496 2426 1548 2464 15

358 2609 382 2646 3
415 2610 496 2659 τῆς
529 2619 615 2648 om.
644 2607 692 2648 D
720 2609 724 2659 l
755 2603 1014 2662 ἐπιδέχεται
1039 2607 1104 2658 ΙΙΙ
1129 2610 1155 2648 4
1183 2603 1292 2648 ὅταν
1317 2606 1429 2649 ΑΗ
1456 2604 1662 2658 Choer.U‚
1698 2602 1769 2648 ὅτε
1804 2605 1896 2647 DI

240 2667 266 2706 6
292 2662 512 2719 γενέσθαι
539 2663 713 2718 Choer.‚
740 2665 1051 2720 γινώσκεσθαι
1069 2665 1118 2707 D
1146 2667 1151 2720 Ι
1180 2663 1458 2708 κατάκλειδα
1475 2665 1522 2708 Α
1539 2665 1756 2719 (semper)
1780 2665 1794 2718 Η
1819 2667 1845 2705 8
1879 2662 1928 2706 ἐν

242 2720 387 2765 ἑαυτῶ
420 2724 468 2766 D
493 2725 506 2777 Η
532 2727 556 2764 9
591 2720 691 2767 οἷον
717 2725 819 2776 ΑΙ,
854 2720 930 2766 οἶα
963 2724 1011 2766 D
1035 2726 1049 2779 ΙΙ
1076 2727 1129 2765 10
1163 2725 1301 2779 δηῦτε
1327 2724 1392 2777 A,
1427 2720 1565 2778 δηῦτε
1591 2724 1638 2776 Ι,
1673 2723 1807 2766 δοῦτε
1834 2723 1883 2765 D
1913 2724 1925 2776 ΙΙ

244 2815 296 2853 13
332 2810 426 2854 ἔστε
452 2810 607 2864 Τοῖα,
641 2797 770 2854 flava?
793 2812 840 2864 Ι,
875 2812 1000 2856 ἔσται
1038 2811 1136 2855 rell.
1187 2814 1202 2867 ΙΙ
1259 2816 1312 2854 14
1344 2810 1647 2866 τετράμετρον
1681 2811 1737 2863 Α,
1770 2810 1927 2864 τετρά-

242 2885 383 2923 μετρα
417 2870 522 2923 ΙΗ,
556 2870 605 2912 in
639 2872 685 2913 D
717 2871 923 2926 ligatura
955 2871 1135 2914 incerta
1186 2874 1190 2927 Ι
1238 2871 1288 2914 τὸ
1320 2877 1402 2913 τοῦ
1435 2871 1527 2914 DI
1561 2872 1574 2925 Η
1617 2874 1668 2912 17
1703 2866 1805 2912 οἷον
1838 2883 1927 2912 om.

242 2928 446 2984 D1n20
479 2930 529 2972 τὸ
562 2936 643 2972 τοῦ
679 2930 944 2986 DIH1123
981 2929 1081 2984 ἔμοι
1113 2931 1159 2973 A
