2090 3158
663 176 726 216 1x
745 185 832 217 1—ss
864 175 1008 216 ΠΕΡΙ
1038 175 1462 217 ΧοΡΙΑΜΒΙΚοΤ
1803 173 1907 226 139

331 308 489 372 29,17
504 309 1009 375 <Αίολοσίκωνος>ε
1035 309 1216 377 δρᾶμα
1233 308 1376 362 οὕτω
1398 310 1761 376 καλούμενονε
1778 309 1909 361 —D

105 401 185 440 181
333 391 419 459 29,
448 389 514 442 18
556 390 672 443 οὐκ
719 389 862 453 ἐτὸς
901 386 942 443 ὦ
984 397 1312 458 γυναῖκεςε
1363 388 1392 442 6
1431 399 1646 459 πρῶτος
1685 394 1909 460 χορίαμ-

88 477 185 537 [56]
218 475 333 540 βος,
373 471 402 525 ὁ
437 471 692 539 δεύτερος
725 474 918 541 ἴαμβος
951 469 1042 524 καὶ
1075 471 1104 524 ὁ
1136 475 1445 533 τελευταῖος
1478 474 1672 540 ἴαμβος
1704 471 1909 525 ἐνδέων

217 559 316 623 μιᾷ
355 555 623 622 συλλαβῆς
662 584 735 590 -
767 552 989 606 ACDI

329 634 416 703 30,
444 635 471 685 1
514 635 580 686 τὰ
625 636 884 702 τρίμετρα
935 635 1038 687 δύο
1077 632 1265 703 ἔχουσι
1304 634 1642 703 χοριάμβους
1679 632 1770 687 καὶ
1810 633 1907 687 ἕνα
1953 657 1973 690 5

218 718 421 785 ἴαμβον
458 715 548 767 καὶ
589 719 891 785 συλλαβήν·
932 717 998 769 τὰ
1038 712 1099 768 δὲ
1137 716 1469 785 τετράμετρα
1499 723 1645 783 τρεῖς
1683 715 1907 785 χοριάμ-

217 801 354 866 βους
391 796 480 850 καὶ
521 800 723 865 ἴαμβον
761 798 851 850 καὶ
892 800 1197 866 συλλαβῆνε
1236 827 1311 834 -
1334 795 1554 850 ACDI

328 879 415 947 30,
440 878 472 931 8
513 878 743 948 <κοινὴν
782 879 1002 948 λύσιν>;
1041 886 1140 932 τοῦ
1181 880 1285 946 γὰρ
1321 879 1521 947 ἰάμβου
1553 886 1652 932 τοῦ
1684 879 1907 948 πρώτου

215 961 247 1030 ἡ
297 959 528 1030 δευτέρα
583 963 847 1030 συλλαβή,
900 962 1019 1029 ἥτις
1072 959 1186 1014 ἐστὶ
1240 961 1444 1029 μακρά,
1500 961 1782 1013 διαλύεται
1830 961 1908 1022 εἰς

216 1043 319 1095 δύο
366 1044 646 1111 βραχείας,
694 1049 792 1095 τοῦ
841 1039 902 1095 δὲ
950 1042 1258 1112 χοριοὲμβου
1286 1042 1331 1110 ἡ
1370 1042 1554 1110 πρώτη
1596 1042 1795 1111 μακράῑ
1840 1071 1902 1078 -
1932 1063 1975 1095 10

0 1272 5 1283 Ι
327 1205 413 1273 30,
440 1204 472 1257 8
520 1205 593 1267 ὡς
640 1201 782 1258 εἶναι
830 1206 1024 1274 κοινὴν
1071 1206 1255 1258 λύσιν;
1307 1205 1340 1273 ἡ
1390 1205 1492 1273 γὰρ
1541 1203 1600 1257 ἐκ
1646 1211 1747 1257 τοῦ
1794 1224 1906 1273 τρι-

83 1292 180 1350 [57]
215 1287 446 1355 βράχεος
484 1285 574 1339 καὶ
614 1294 714 1339 τοῦ
757 1287 958 1355 ἰάμβου
998 1287 1229 1353 συζυγία
1270 1287 1425 1347 λύσις
1461 1284 1613 1338 ἐστὶν
1654 1287 1907 1355 ἰαμβικῆς

213 1388 271 1421 τε
318 1370 576 1436 συζυγίας
622 1366 713 1420 καὶ
761 1371 1139 1438 χοριαμβικῆς·
1189 1369 1443 1436 ἰαμβικῆς
1480 1367 1583 1436 μὲν
1620 1375 1721 1420 τοῦ
1760 1368 1907 1437 πρώ-

213 1470 312 1502 του
367 1450 538 1511 ποδὸς
590 1451 727 1502 κατὰ
779 1450 880 1518 τὴν
936 1449 1199 1518 δευτέραν
1254 1451 1560 1518 συλλαβήν,
1615 1448 1754 1517 λέγω
1805 1450 1907 1517 τὴν
1931 1471 1972 1503 15

214 1531 452 1601 μακράν,
501 1530 871 1600 διαλυομένου
912 1533 990 1593 εἰς
1029 1532 1132 1583 δύο
1173 1533 1454 1600 βραχειάς,
1497 1530 1802 1599 χοριάμβου
1844 1527 1905 1583 δὲ

214 1620 307 1680 τῆς
346 1613 562 1682 πρώτης
608 1620 816 1682 μακρᾶς
855 1611 1220 1710 διαλυομένης
1260 1613 1337 1674 εἰς
1377 1612 1480 1664 δύο
1519 1614 1776 1681 βραχείας
1814 1610 1904 1664 καὶ

213 1701 308 1778 τῆς
354 1691 474 1762 ἑξῆς
522 1695 690 1762 οὔσης
735 1695 989 1763 βραχείας
1035 1691 1220 1746 ἔπειτα
1265 1701 1365 1746 τοῦ
1415 1694 1640 1762 ἰαμβου·
1695 1695 1905 1761 γίνεται

214 1779 319 1827 οὐν
358 1776 417 1828 τὸ
458 1796 649 1845 τομαι
689 1778 987 1845 τρίβραχυς
1025 1783 1121 1843 τῆς
1159 1796 1278 1844 μαι
1317 1783 1528 1845 μακρᾶς
1566 1782 1666 1828 τοῦ
1702 1775 1905 1844 ἰαμβου

214 1856 579 1926 διαλυομένης
626 1859 703 1919 εἰς
750 1858 852 1910 δύο
900 1858 1176 1926 βραχείας·
1232 1877 1322 1910 και
1368 1857 1536 1910 παλιν
1583 1855 1641 1909 ἐκ
1687 1864 1787 1910 τοῦ
1828 1857 1902 1924 δὴ
1929 1879 1972 1910 20
2033 1859 2036 1861 ’

212 1938 369 2006 πρὸς
393 1936 589 2005 ’Όλυμ
627 1946 727 1992 τοῦ
767 1939 1073 2008 χοριοίμβου
1113 1939 1394 1991 διαλύεται
1427 1939 1459 2006 ἡ
1493 1939 1571 2006 δῆ
1602 1939 1781 2008 μακρὰ
1811 1936 1902 1990 καὶ

334 2103 355 2141 1
392 2098 551 2142 Choer.
582 2103 650 2153 73,
669 2104 722 2142 27

333 2220 358 2259 3
393 2216 584 2290 ἐνδέων]
618 2218 667 2262 ἐν
700 2218 749 2262 δὲ
783 2219 831 2262 D
883 2220 888 2274 Ι
938 2219 987 2262 D
1020 2217 1126 2261 add.
1160 2217 1261 2272 ἤτοι
1293 2215 1605 2290 ἀμφιβραχυς,
1649 2219 1684 2262 Ι
1708 2217 1814 2260 add
1847 2223 1902 2273 τῇ

213 2279 368 2347 μακρᾷ
411 2278 626 2333 δηλονοτι
663 2275 899 2321 τουτέστιν
939 2293 1085 2327 ουτως
1124 2278 1184 2329 ὡς
1224 2277 1315 2336 ἔχει
1355 2274 1673 2335 ἀμφίβραχυς,
1715 2278 1759 2319 A
1793 2276 1899 2319 add.

214 2333 366 2391 ὅμοιοι
405 2335 494 2379 εἰσὶ
533 2339 594 2379 τῶ
632 2343 769 2380 πᾶσι
817 2343 1082 2380 κακοῖσιν
1121 2336 1263 2393 ἡμᾶς
1300 2336 1381 2380 καὶ
1419 2339 1482 2395 τῷ
1522 2339 1734 2392 φλῶσιν
1775 2334 1901 2379 ἑκά-

214 2392 357 2438 στοτ’
400 2395 622 2450 ἄνδρες·
679 2395 841 2439 δεινὰ
890 2395 989 2452 γὰρ
1040 2396 1172 2452 ἔργα
1213 2399 1425 2451 δρῶσαι
1454 2382 1897 2470 λαμβανόμεσθ’

213 2451 303 2497 ὑπ’
333 2455 514 2498 αὐτῶν
560 2457 574 2511 Η
622 2459 646 2497 6
679 2455 730 2498 τὸ
771 2455 822 2498 δὲ
853 2470 1157 2511 τετραμετρον
1189 2457 1284 2500 AG
1332 2458 1346 2511 ΙΙ
1396 2459 1419 2497 7
1454 2453 1536 2498 ἕνα
1569 2453 1738 2525 ἴαμβον
1770 2454 1898 2511 DI!

215 2514 247 2556 I
296 2512 402 2556 add.
451 2511 693 2570 τρίμετρον
747 2514 1052 2572 χοριαμβικὸν
1108 2513 1500 2570 δακρυόεσσαν
1546 2510 1589 2556 τ’
1635 2510 1901 2568 ἐφίλησεν

214 2572 445 2646 αἰχμὰν,
483 2573 786 2628 τετράμετρον
827 2575 986 2616 δεῦτε
1026 2580 1127 2617 νῦν
1167 2573 1338 2631 ἁβραὶ
1378 2589 1606 2632 χαριτες
1636 2571 1900 2616 καλλίκο-

214 2630 306 2687 μοί
337 2648 391 2676 τε
416 2635 632 2676 Μοῖσαι
655 2635 669 2687 ΙΙ
694 2637 719 2675 8
754 2632 801 2674 in
829 2633 866 2676 C
893 2631 980 2676 hoc
1013 2632 1222 2676 scholion
1248 2633 1547 2676 continuatur
1571 2631 1868 2676 antecedenti
1888 2632 1902 2689 ΙΙ

217 2695 270 2734 16
302 2693 607 2748 χοριαμβικοῦ
633 2693 697 2745 D,
729 2693 1031 2749 χοριαμβικῆς
1055 2694 1119 2748 ΙΙΙ
1146 2697 1199 2736 18
1232 2692 1388 2736 ἔπειτα
1420 2699 1501 2734 τοῦ
1535 2691 1726 2766 ἰάμβου
1730 2704 1817 2734 om.
1845 2691 1896 2749 I*

214 2756 295 2793 τοῦ
328 2763 415 2794 om.
441 2751 490 2794 D
526 2751 532 2808 Ι
572 2749 742 2807 ἰάμβου
776 2750 952 2807 scripsi,
988 2751 1205 2809 ἰαμβικοῦ
1239 2752 1385 2796 ACD
1410 2753 1424 2806 ΙΙ
1450 2755 1503 2794 19
1536 2752 1643 2806 post
1675 2747 1760 2794 οὖν
1793 2750 1899 2793 add.

214 2814 296 2863 τῆς
327 2808 617 2865 ἀναπέτομαι
647 2808 807 2862 λέξεως
837 2810 870 2852 Ι
915 2810 921 2867 Ι
971 2827 1052 2866 μαι
1085 2817 1266 2866 μακρᾶς
1297 2810 1481 2866 scripsi,
1518 2816 1698 2865 μακρᾶς
1732 2811 1786 2861 C,
1819 2827 1901 2865 μαι

216 2869 334 2921 AD,
373 2885 456 2923 μαι
495 2870 722 2926 συλλαβῆς
753 2870 780 2912 1
837 2872 841 2924 Ι
897 2869 1114 2927 ἰαμβικοῦ
1154 2869 1286 2913 codd.
1341 2872 1355 2925 ΙΙ
1410 2874 1461 2911 21
1505 2870 1553 2912 et
1595 2873 1692 2921 140
1713 2874 1734 2911 1
1761 2867 1902 2924 Ὀλυμ

216 2926 393 2983 scripsi,
418 2925 649 2983 Ὄλυμπον
682 2927 812 2971 codd.
