2060 3168
213 190 323 242 204
668 190 977 232 ΓΕΩΡΓΙΟΤ
1009 191 1448 232 ΧΟΙΡΟΒΟΣΚΟΤ

213 329 503 390 ποιητικῶν
553 326 878 390 (υμφώνων,
928 324 1044 377 ἀλλ’
1091 325 1209 388 ἤτοι
1259 325 1381 377 ἑνὸς
1435 326 1466 389 ἢ
1516 326 1764 390 μηδενός·
1819 328 1906 379 καὶ

213 409 280 459 τὰ
321 408 451 471 ἑξῆς.
491 437 563 443 -—
603 407 665 458 K

329 488 629 555 Πρόδηλόν
685 485 798 538 ἐστι
853 487 914 538 τὸ
970 487 1292 553 λεγόμενον,
1349 487 1431 539 ὅτι
1487 489 1696 555 γίνεται
1747 489 1906 556 κοινὴ

215 570 348 621 κατὰ
396 570 584 636 τρίτον
629 569 854 636 τρόπον,
904 567 1035 619 ὅταν
1074 569 1302 635 βραχεῖα
1349 562 1382 638 ᾖ
1423 567 1790 635 ἀπαρτίζουσα
1830 571 1907 631 εἰς

172 673 190 704 5
216 649 377 718 μέρος
425 651 595 717 λόγου
643 647 733 700 καὶ
781 648 882 700 οὐκ
922 645 1015 716 ἔχῃ
1065 648 1166 699 δύο
1208 649 1479 717 σύμφωνα
1520 648 1908 719 ἐπιφερόμενα,

217 730 344 782 ἀλλ’
382 729 414 797 ἢ
456 731 517 782 ἓν
557 730 772 782 ἁπλοῦν
811 727 843 795 ἦ
884 729 1022 796 μηδὲ
1061 727 1146 796 ἕν,
1197 727 1313 781 ἐπει
1355 729 1714 800 εὑρεθήσεται
1752 730 1908 784 θέσει

216 813 394 881 μακρὰ
441 811 717 880 γινομένη.
797 810 980 863 ἰστέον
1027 809 1087 862 δ’
1134 810 1217 862 ὅτι
1266 811 1331 863 οὐ
1383 814 1694 881 κεχρήμεθα
1738 812 1909 881 ταύτῃ

217 901 280 963 τῇ
321 900 478 962 κοινῆ
518 892 690 960 ἡμεῖς,
732 891 869 944 ἀλλὰ
907 895 1117 958 μᾶλλον
1159 893 1211 944 οἱ
1251 894 1490 961 ποιηταί,
1531 896 1652 946 οἱον
1691 894 1752 946 τὸ

365 974 620 1043 Νέστορα
676 974 722 1026 δ
781 974 881 1026 οὐκ
937 975 1138 1026 ελαθεν
1196 974 1317 1041 ἰαχὴ
1373 975 1617 1027 πίνοντά
1664 992 1765 1045 περ
1820 972 1909 1040 έμ-

150 1080 192 1111 10
291 1128 303 1149 ἱ
1284 1074 1388 1122 πης
1428 1053 1502 1125 (Ξ
1526 1053 1581 1126 1)

218 1150 307 1182 και

366 1208 564 1255 Αἴαντι
605 1199 666 1255 δὲ
706 1203 940 1271 μάλιστα
980 1203 1245 1271 δαΐφρονι
1279 1204 1467 1269 θυμὸν
1499 1205 1651 1272 ὄρινε
1681 1201 1758 1274 (Ξ
1776 1201 1909 1275 459)

216 1275 306 1330 καὶ
1941 1282 2060 1340 (112)

368 1353 420 1403 οἱ
461 1348 521 1403 δὲ
561 1350 698 1418 μέγα
740 1351 984 1418 ἰάχοντες
1026 1349 1100 1420 (Ξ
1119 1349 1253 1420 421)

151 1455 192 1487 15
218 1433 378 1500 <καὶ>

366 1513 455 1567 καὶ
496 1513 598 1580 μέν
638 1515 690 1566 οἱ
731 1514 932 1565 Λύκιοι
972 1511 1195 1579 τέμενος
1234 1514 1405 1579 τάμον
1446 1512 1518 1584 (Ζ
1550 1512 1703 1584 194)-

216 1597 323 1648 καὶ
362 1592 478 1665 μὲν
519 1596 812 1657 σπονδεῖος
853 1594 912 1646 ἐν
956 1593 1092 1664 ἀρχῇ
1135 1596 1338 1662 στίχου.
1416 1593 1538 1663 ἔσχε
1579 1594 1645 1647 δέ
1679 1615 1731 1647 τι
1771 1593 1910 1657 ἐξαί-

219 1697 378 1747 ρετον
419 1677 552 1745 αὕτη
594 1677 742 1745 παρὰ
779 1677 874 1738 τὰς
906 1677 1073 1737 ἄλλας
1112 1678 1347 1745 χρήσεις,
1388 1676 1470 1728 ὅτι
1505 1678 1582 1738 εἰς
1613 1675 1766 1738 τέλος
1798 1675 1911 1728 ἐστὶ

217 1760 386 1821 ποδὸς
425 1759 516 1810 καὶ
556 1758 658 1810 οὐκ
698 1759 775 1819 εἰς
814 1756 988 1826 ἀρχὴν
1029 1756 1101 1818 ὡς
1142 1757 1195 1808 αἱ
1235 1757 1639 1825 προειρημέναι.

152 1862 194 1893 20
333 1838 473 1907 Περὶ
514 1836 574 1890 δὲ
614 1839 814 1906 ταύτης
853 1846 948 1906 τῆς
987 1840 1244 1906 βραχείας
1278 1846 1373 1906 τῆς
1405 1837 1528 1891 ἀντὶ
1558 1846 1747 1906 κοινῆς
1779 1842 1910 1905 λαμ-
1943 1847 1997 1886 52

219 1920 524 1988 βανομένης
576 1920 720 1988 λέγει
769 1919 796 1972 ὁ
839 1919 1236 1987 “Ηλιόδωρος
1285 1919 1415 1972 δέκα
1461 1922 1724 1988 τρόπους,
1780 1922 1912 1972 πότε
1943 1925 2060 1983 (112]

219 2003 286 2069 δὴ
334 2000 423 2054 καὶ
471 2011 586 2063 πῶς
633 2001 955 2069 εὑρίσκεται.
1034 2002 1167 2070 φησὶ
1216 2002 1320 2069 γὰρ
1369 2001 1562 2063 οὕτως·
1610 2002 1642 2069 ἡ
1682 2004 1909 2070 βραχεῖα

218 2084 250 2151 ἡ
290 2084 514 2150 τοιαύτη
556 2084 633 2144 εἰς
670 2085 844 2135 τόπον
890 2090 1099 2151 μακρᾶς
1138 2084 1296 2150 κοινὴ
1337 2083 1669 2150 εὑρίσκεται,
1718 2082 1806 2134 ὅτε
1845 2083 1906 2134 τὸ

221 2175 239 2215 ῑ
278 2163 605 2231 ἐπιφέρεται,
651 2165 722 2225 ὡς
765 2164 824 2215 ἐν
863 2170 936 2235 τῷ

154 2266 194 2297 25
370 2246 422 2296 οἱ
464 2241 522 2296 δὲ
563 2244 700 2312 μέγα
742 2245 986 2312 ἰάχοντες
1027 2242 1100 2315 (Ξ
1120 2243 1269 2316 421).

340 2394 365 2432 3
392 2389 533 2432 schol.
560 2389 608 2431 in
633 2388 766 2431 Dion.
786 2389 891 2431 Thr.
914 2394 1079 2442 351‚16
1105 2391 1118 2446 ΙΙ
1143 2395 1286 2433 9—12
1321 2390 1490 2434 Herod.
1517 2390 1559 2432 Π
1584 2395 1684 2443 657,
1704 2394 1876 2433 27—33
1895 2391 1909 2447 ss

221 2453 439 2501 20—207,
461 2453 513 2491 16
549 2448 690 2492 schol.
724 2448 772 2490 in
804 2448 938 2491 Dion.
966 2448 1072 2492 Thr.
1100 2454 1170 2502 52,
1192 2454 1348 2503 1-56,
1370 2455 1423 2492 14
1461 2450 1507 2492 eb
1547 2450 1687 2492 schol.
1723 2449 1907 2505 (Heph.)

220 2523 263 2563 p.
295 2513 391 2562 114,
413 2512 630 2561 13-118,
651 2512 702 2549 17
739 2506 1009 2563 (Westph.);
1051 2507 1106 2552 cf.
1141 2508 1359 2552 Hoersch.
1394 2509 1442 2551 in
1474 2508 1591 2551 Mus.
1619 2508 1705 2552 Rh.
1733 2513 1801 2561 36,
1822 2512 1906 2551 281

341 2645 365 2682 3
398 2638 707 2696 πρόδηλον-
726 2637 922 2697 γινεται]
963 2637 1141 2696 γίνεται
1173 2640 1224 2684 δὲ
1258 2642 1343 2696 ΚΙΙ
1367 2646 1394 2683 4
1426 2639 1600 2695 τρόπον
1634 2654 1721 2684 om.
1748 2642 1829 2694 K!
1859 2634 1905 2698 ᾖ]

222 2699 343 2743 ἐστὶν
376 2699 508 2742 codd.
541 2701 555 2755 ΙΙ
596 2703 620 2741 5
654 2697 744 2771 ἔχει
776 2699 819 2742 U
849 2700 863 2754 ΙΙ
896 2704 917 2740 7
954 2700 1038 2743 οὐκ
1072 2699 1305 2755 ἐχρήμεθα
1341 2700 1383 2744 U
1409 2702 1423 2756 ΙΙ
1457 2704 1539 2742 7—
1544 2703 1569 2742 8
1602 2699 1732 2756 ἡμεῖς
1763 2699 1906 2755 ταύτῃ

219 2765 272 2813 τῆ
306 2764 439 2814 κοινῆ
466 2759 520 2801 K
538 2760 552 2814 Η
578 2762 602 2800 9
635 2755 805 2801 πίοντά
831 2758 883 2799 K
902 2758 915 2812 11
943 2763 995 2800 12
1028 2759 1185 2813 θυμὸν
1219 2757 1343 2813 όρινε
1377 2773 1463 2802 om
1491 2759 1561 2814 U!
1589 2758 1676 2801 hoc
1709 2757 1906 2814 exempl.

222 2816 351 2859 deest
384 2831 455 2871 ap
490 2817 638 2872 Heph.
665 2819 678 2873 ΙΙ
707 2822 757 2859 15
790 2817 869 2859 καὶ
903 2817 1007 2859 add.
1044 2816 1288 2873 Studem.1l
1315 2823 1367 2860 17
1403 2819 1646 2868 σπονδεῖος
1677 2817 1905 2872 Westph„

222 2879 470 2919 σπονδεῖον
504 2876 566 2927 K,
600 2878 804 2919 σπονδοῠ
838 2875 880 2917 U
910 2876 924 2930 Η
958 2881 1011 2917 22
1045 2875 1102 2931 δὴ
1137 2889 1223 2918 om.
1259 2877 1302 2920 U
1331 2877 1338 2934 1
1374 2873 1509 2927 οὗτος
1540 2877 1614 2932 Ul}
1640 2880 1694 2918 23
1727 2882 1907 2931 μακρᾶς

222 2933 448 2990 Ἦθετρὴ,
481 2934 660 2989 μακρὸν
694 2934 824 2978 codd
857 2934 861 2977 Ι
891 2933 1023 2989 κοινὴ
1058 2949 1144 2977 om.
1183 2936 1252 2990 Ul
1282 2933 1350 2978 ὅτι
1385 2936 1439 2979 K
