2060 3168
212 157 319 208 282
803 160 1035 201 ΣΧΟΛΙΑ
1066 161 1102 201 Β
1137 157 1234 215 (lib.
1253 158 1310 215 V)
1803 138 1806 139 ⁷
2048 165 2060 234 Ι·

210 299 448 360 κεῖσθαι,
487 296 729 356 σπανίως
769 291 829 346 δὲ
872 293 960 345 καὶ
997 292 1093 346 ἕνα
1124 294 1496 363 τρισύλλαβον
1529 293 1896 364 ἐπιδέχεσθαι,

211 367 333 427 οἷον
373 373 522 445 (Eur.
549 374 738 428 Bacch.
767 375 795 426 1
814 373 916 444 sq.)

357 456 469 523 ἥκω
510 457 648 518 Διὸς
687 465 814 518 παῖς
851 456 1015 524 τήνδε
1059 457 1307 523 Θηβαίαν
1347 459 1528 525 χθόνα

357 539 653 605 Διόνυσος,
694 537 760 590 ὃν
798 538 964 589 τίκτει
1003 535 1134 588 ποθ’
1175 538 1207 605 ἡ
1248 539 1480 603 Κάδμου
1520 541 1668 607 κόρη.

164 626 453 684 ικωμικοῦ
502 615 560 670 δὲ
610 620 756 670 ἴδιον
802 619 863 669 τὸ
911 617 1001 669 καὶ
1050 616 1107 669 ἐκ
1152 619 1537 686 τρισυλλάβων
1583 621 1655 682 ὡς
1702 620 1788 673 ἐπὶ
1835 621 1895 674 τὸ

208 704 467 751 πλεῖστον
507 704 853 767 συγκεῖσθαι,
893 690 1016 751 οἷον
1056 697 1170 769 (Ar.
1195 699 1326 751 Ran.
1359 699 1487 771 101)

356 779 445 831 καὶ
487 779 664 849 φρένα
702 781 803 848 μὲν
834 780 936 832 οὐκ
975 779 1285 832 ἐθέλουσαν
1323 781 1520 849 ὀμόσαι
1558 780 1684 835 καθ’
1719 783 1896 852 ἱερῶν.
1929 788 2051 844 (153)

212 861 358 913 ἴδιον
405 858 465 913 δὲ
514 869 812 930 σατυρικοῦ
853 863 913 913 τὸ
962 860 1131 929 μέσον
1178 856 1320 914 εἶναι
1359 871 1624 931 τραγικοῦ
1664 862 1754 916 καὶ
1794 884 1897 916 κω-
1930 872 1984 911 19

209 950 390 1010 μικοῦ,
423 944 599 1010 ἤγουν
628 941 887 1011 δέχεσθαι
919 943 1008 995 καὶ
1040 945 1170 1005 τοὺς
1203 945 1602 1012 τρισυλλάβους
1622 945 1705 1012 ’μὴ
1738 963 1898 996 κατα-

143 1045 185 1077 10
209 1025 400 1092 κόρως,
442 1017 563 1076 οἷον
604 1022 753 1094 (Eur.
778 1023 970 1077 Bacch.
1001 1022 1166 1095 1051)

354 1103 452 1172 ἥδ’
491 1106 657 1173 ἄγκος
695 1105 1046 1175 ὑψίκρημνον
1085 1108 1236 1174 ὄρεσι
1275 1107 1629 1175 περίδρομον.

210 1187 356 1238 ἴδιον
397 1183 457 1238 δὲ
499 1187 755 1253 ἰαμβικοῦ
796 1187 856 1239 τὸ
899 1188 1270 1255 δισυλλάβους
1306 1190 1512 1256 μόνους
1545 1184 1895 1255 ἐπιδέχεσθαι

207 1269 378 1329 πόδας
416 1268 506 1320 καὶ
545 1269 777 1336 μάλιστα
818 1271 1034 1337 ἴαμβον,
1075 1262 1196 1321 οἷον
1236 1266 1459 1339 (Archil.
1487 1266 1581 1339 94)

354 1350 523 1415 πάτερ
563 1350 852 1418 Λυκάμβα,
892 1358 1056 1402 ποῖον
1097 1347 1318 1418 ἐφράσω
1360 1350 1500 1402 τόδε.

142 1547 182 1579 15
975 1526 1122 1580 XIII.

723 1615 885 1684 Περὶ
926 1624 1040 1668 τοῦ
1080 1617 1381 1685 ἡρωϊκοῦ.
1925 1621 2060 1685 (165)3

322 1719 366 1771 1.
430 1721 501 1772 Τὸ
550 1720 792 1789 ἡρωϊκὸν
838 1718 1039 1789 μέτρον
1086 1719 1436 1790 ἑξάμετρόν
1476 1719 1644 1772 ἐστιν·
1694 1718 1748 1783 ἓξ
1788 1720 1892 1788 γὰρ
2057 1739 2060 1803 j

207 1802 383 1870 χώρας
423 1800 726 1870 ἐπιδέχεται
758 1799 848 1854 καὶ
880 1802 1016 1854 κατὰ
1046 1803 1390 1869 μονοποδίαν
1420 1810 1704 1871 μετρεῖται.
1760 1802 1894 1854 κατὰ
2044 1812 2060 1870 'j

206 1879 308 1947 μὲν
362 1878 464 1935 οὖν
515 1885 609 1946 τὰς
663 1883 822 1935 πέντε
875 1883 1055 1951 χώρας
1109 1881 1412 1951 ἐπιδέχεται
1475 1882 1750 1935 δάκτυλον
1803 1882 1893 1934 καὶ

141 1983 183 2015 20
207 1965 506 2016 σπονδεῖον
546 1964 877 2033 ἀδιαφόρως,
918 1963 1093 2016 ἐνίοτε
1127 1960 1186 2016 δε
1219 1964 1308 2016 καὶ
1340 1964 1770 2032 παλιμβάκχειον
1802 1961 1892 2015 καὶ

207 2043 584 2114 ἀμφίμακρον,
636 2048 920 2114 καθαροὺς
965 2044 1150 2113 μέντοι
1198 2045 1287 2097 καὶ
1335 2043 1396 2097 ἐν
1433 2042 1578 2107 τάξει
1619 2045 1892 2096 δακτύλου
1926 2047 2047 2106 (166)

206 2126 490 2195 κειμένους
525 2124 784 2196 (καθαροὶ
827 2127 890 2179 δέ
927 2129 1067 2179 εἰσιν
1108 2127 1241 2178 ὅταν
1281 2125 1647 2194 ἀπαρτίζωσιν
1688 2126 1765 2187 εἰς
1803 2123 1893 2193 μέ-

209 2228 303 2276 ρος
358 2210 527 2275 λόγου
582 2206 672 2259 καὶ
728 2210 827 2276 τὴν
883 2207 1287 2276 επιφερομένην
1342 2207 1488 2270 λέξιν
1542 2209 1740 2275 ἔχωσιν
1786 2205 1891 2259 ἀπὸ

208 2292 522 2356 φωνήεντος
562 2287 909 2359 ἀρχομένην).
985 2290 1075 2342 καὶ
1114 2289 1630 2357 παλιμβάκχειον
1660 2286 1779 2356 μέν,
1821 2288 1892 2349 ὡς

141 2388 181 2420 25
209 2367 268 2421 ἐν
306 2376 380 2442 τῷ
416 2367 473 2439 (α
502 2368 558 2440 2)

353 2452 628 2519 πλάγχθη,
680 2452 793 2504 ἐπεὶ
841 2453 1038 2520 Τροίης
1077 2452 1229 2521 ἱερὸν
1266 2454 1604 2519 πτολίεθρον
1642 2448 1891 2519 ἔπερσεν·

325 2571 380 2608 20
419 2566 503 2622 τὴν
541 2573 623 2609 τοῦ
664 2565 1028 2624 παλιμβακχείου
1066 2564 1330 2621 θεραπείαν
1367 2566 1507 2609 schol.
1542 2566 1590 2608 in
1622 2565 1755 2609 Dion„
1783 2565 1889 2608 Thr.

208 2629 306 2678 209
328 2630 394 2668 15.
430 2631 528 2678 211
551 2630 625 2678 14;
660 2625 708 2668 cf
743 2626 801 2668 M.
824 2625 941 2668 vict.
961 2626 1023 2669 VI
1051 2631 1117 2679 72,
1138 2631 1206 2668 22.
1259 2626 1360 2669 Ter.
1388 2625 1533 2668 Maur.
1554 2624 1616 2667 VI
1646 2628 1830 2667 v.1650

325 2732 350 2769 3
385 2725 602 2801 Θηβαιων
634 2728 739 2771 Eur.
766 2730 779 2784 ΙΙ
807 2733 828 2770 7
863 2730 942 2771 καὶ
975 2743 1062 2772 om.
1087 2730 1129 2782 k,
1161 2727 1187 2784 ἢ
1220 2730 1359 2771 Axist
1392 2730 1407 2785 ΙΙ
1438 2732 1463 2770 9
1498 2727 1661 2799 ἤγουν]
1694 2723 1795 2771 οἷον
1825 2728 1854 2770 k
1876 2727 1890 2785 Η

209 2791 259 2829 11
295 2783 372 2841 ἥδ’
400 2788 483 2842 λ’,ρ
516 2782 574 2842 ἦν
608 2785 655 2831 δ’
684 2787 839 2843 Eurip
892 2790 896 2842 Ι
951 2787 1094 2843 ἄγγος
1118 2764 1150 2830 ’k
1200 2790 1205 2843 Ι
1255 2786 1584 2843 ἀμφίκρημνον
1616 2785 1755 2830 ύδασι
1787 2785 1890 2829 διά-

207 2847 377 2917 βροχον
409 2846 513 2888 Eur
539 2850 553 2902 {l
582 2852 633 2889 18
667 2845 945 2917 ἐπιδέχεται]
979 2847 1069 2902 ἔχει
1102 2860 1208 2902 app.
1241 2848 1358 2890 rhet.
1391 2848 1438 2889 et
1469 2845 1602 2888 Dion.
1629 2847 1642 2901 ΙΙ
1668 2849 1722 2888 20
1753 2845 1890 2889 ἀδια-

207 2902 363 2959 φόρως
395 2904 610 2948 Hoersch.
604 2941 627 2961 .‚
661 2904 926 2961 ἀδιάφορον
959 2906 1090 2948 codd.
1125 2909 1138 2962 fl
1178 2910 1233 2947 25
1268 2906 1315 2949 ἐν
1345 2906 1428 2964 τῷ]
1459 2905 1511 2948 τὸ
1543 2905 1584 2958 k,
1618 2917 1722 2959 app.
1754 2903 1887 2947 Dion.
