2090 3158
628 159 774 200 ΠΕΡΙ
804 157 1188 199 ΠΟΙΗΜΑΤΩΝ.
1221 158 1303 199 ΙΠ.
1328 159 1406 200 IV.
1794 156 1863 208 67

0 288 149 351 1[126]
176 294 370 359 όμοιόν
415 313 467 345 τι
516 291 847 362 ἐπιφέρεται.
924 293 1183 360 δηλονότι
1231 290 1323 344 ἐπ’
1362 293 1587 344 ἔλαττον
1626 289 1726 359 μὲν
1765 299 1864 345 τοῦ

0 1799 6 1820 ³

0 1826 9 1852 ξ

0 1726 7 1746 -r
0 1642 7 1686 -.-
0 1288 15 1625 -wv-v-vv-u*.na
4 1253 9 1259 .
0 1174 6 1197 „„

173 383 284 428 τῶν
330 384 500 445 τριῶν
546 374 792 444 ἀριθμοῦ
842 375 944 428 οὐκ
990 373 1062 427 ἂν
1099 372 1317 442 γένοιτό
1357 391 1408 426 τι
1447 373 1865 440 τοιοῦτον,.ἐπὶ

171 459 365 509 πλεῖον
419 453 480 509 δὲ
543 453 711 510 οὐδὲν
773 456 906 509 αὐτὸ
960 455 1160 508 κωλύει
1221 454 1581 508 ἐκτείνεσθαι·
1654 457 1864 522 γίνεται

173 538 276 604 γὰρ
318 537 499 604 ὥσπερ
539 539 694 605 τριὰς
727 536 982 610 ἐπωδική,
1024 535 1167 590 οὕτω
1199 537 1288 590 καὶ
1321 537 1510 604 τετρὰς
1542 533 1633 588 καὶ
1665 537 1865 598 πεντὰς

171 617 262 672 καὶ
302 617 390 672 ἐπὶ
429 623 636 672 πλεῖον.
1910 637 1929 669 5

283 710 367 778 (4)
401 713 513 762 Τοῦ
546 709 608 762 δὲ
641 707 915 781 ἐπῳδικοῦ
947 707 1146 776 γένους
1170 708 1236 760 τὰ
1258 706 1362 777 μέν
1385 706 1535 760 ἐστιν
1560 706 1864 774 ὁμωνύμως

172 789 318 862 αὐτῷ
343 791 656 859 καλούμενα
689 789 946 862 ε’πῳὸικᾶ,
979 790 1045 842 τὰ
1078 786 1138 842 δὲ
1169 789 1468 860 apog-ommi,
1501 789 1566 841 τὰ
1595 784 1658 841 δὲ
1689 803 1862 862 μεσςο-

172 872 314 940 ὃικά,
353 872 420 924 τὰ
460 868 520 924 δὲ
559 871 880 944 περιῳδικά,
920 871 986 923 τὰ
1026 867 1087 923 δὲ
1125 870 1482 940 παλινῳὸικά.

286 959 552 1032 Ἐπςοδικὰ
581 958 684 1028 μὲν
716 956 818 1013 οὖν
852 958 1019 1026 ἐστιν,
1061 958 1122 1012 ἐν
1155 952 1237 1022 οἷς
1269 959 1481 1026 ὁμοίοις
1513 957 1779 1025 ἀνόμοιόν
1809 978 1863 1011 τι

170 1040 509 1112 ἐπιφέρεται,
558 1043 631 1105 ὡς
677 1042 743 1094 τά
789 1061 850 1110 γε
888 1045 1117 1094 πλεῖστα
1159 1041 1449 1111 Πινδάρου
1489 1041 1578 1093 καὶ
1620 1041 1860 1107 Σιμωνί-
1888 1059 1935 1091 ιο

170 1123 273 1176 δου
312 1127 616 1193 πεποίηται.

282 1213 581 1285 Προῳὸικὰ
613 1212 677 1266 δέ
706 1211 874 1281 ἐστιν,
905 1211 966 1265 ἐν
998 1205 1080 1274 οἷς
1112 1213 1173 1265 τὸ
1206 1212 1472 1281 ἀνόμοιον
1503 1210 1863 1279 προτέτακται

166 1302 279 1347 τῶν
318 1293 541 1363 ὁμοίων.

279 1384 579 1455 Μεσῳδικὰ
619 1384 680 1436 δὲ
719 1383 780 1437 ἐν
820 1377 903 1446 οἷς
941 1382 1178 1452 περιέχει
1217 1380 1319 1451 μὲν
1357 1384 1422 1435 τὰ
1462 1382 1639 1450 ὅμοια,
1690 1381 1862 1450 μέσον

167 1461 228 1517 δὲ
267 1466 329 1518 τὸ
371 1464 638 1534 ἀνόμοιον
675 1465 939 1519 τέτακται.
1883 1482 1924 1514 15

280 1554 639 1626 Παλινῳδικὰ
678 1551 738 1607 δὲ
778 1553 839 1607 ἐν
878 1547 962 1617 οἷς
1000 1555 1066 1606 τὰ
1104 1551 1206 1621 μὲν
1243 1552 1565 1623 περιέχοντα
1601 1553 1858 1623 ἀλλήλοις

77 1641 133 1680 69
168 1632 318 1687 ἐστὶν
371 1635 557 1704 ὅμοιοι,
612 1635 846 1702 ἀνόμοια
901 1633 962 1689 δὲ
1015 1646 1132 1699 τοῖς
1186 1633 1611 1704 περιεχομένοις·
1675 1635 1742 1688 τὰ
1796 1633 1856 1689 δὲ

164 1718 522 1786 περιεχόμενα
560 1715 817 1785 ἀλλήλοις
848 1714 951 1786 μὲν
984 1717 1146 1784 ὅμοιά
1178 1716 1344 1784 ἐστιν,
1385 1715 1618 1782 ἀνόμοια
1650 1712 1710 1768 δὲ
1742 1724 1856 1779 τοῖς

163 1797 493 1866 περιέχουσι.

277 1888 594 1986 Περιῳὸικὰ
633 1886 710 1950 δέ,
751 1887 810 1940 ἐν
851 1881 933 1950 οἷς
971 1889 1037 1940 τὰ
1075 1907 1177 1956 μεν
1207 1889 1567 1957 περιεχόμενα
1599 1886 1852 1956 ἀλλήλοις
1878 1904 1921 1936 xo

0 1967 135 2028 [127]
163 1966 313 2020 ἐστὶν
353 1968 530 2037 ὅμοια,
570 1970 635 2021 τὰ
676 1965 736 2021 δε
772 1969 1095 2039 περιέχοντα
1129 1970 1255 2022 ούτε
1288 1969 1545 2037 ἀλλήλοις
1578 1969 1704 2021 οὔτε
1736 1978 1852 2032 τοῖς

162 2047 583 2118 περιεχομέ.νοις

280 2259 306 2298 9
339 2254 394 2299 cf.
431 2268 467 2298 e.
502 2270 544 2312 g.
580 2255 722 2299 schol.
755 2255 805 2298 in
835 2255 970 2299 Pind.
997 2255 1066 2300 Ol.
1092 2256 1187 2312 Ip.
1217 2262 1291 2311 12,
1310 2261 1336 2298 4
1377 2254 1469 2316 ᾠδὴ
1511 2254 1717 2314 ἐπῳδική
1757 2255 1850 2299 ἐστι

161 2313 374 2370 τριαὸικὴ
407 2322 675 2375 περικοπῶν
708 2315 770 2358 δ’.

281 2496 362 2534 1-
369 2496 394 2535 5
435 2507 500 2534 vv.
543 2490 1008 2548 δηλονότι-πλεῖον
1051 2493 1099 2535 in
1142 2493 1231 2536 GP
1275 2494 1383 2536 sunt
1428 2494 1535 2548 post
1580 2490 1848 2546 ἐπιφέρεται

159 2564 197 2593 v.
234 2555 309 2603 103
352 2550 643 2607 transposuit
685 2551 908 2605 Barham3
948 2554 1128 2595 rectum
1167 2551 1377 2596 ordinem
1416 2551 1588 2609 legisse
1631 2550 1850 2594 videntur

160 2585 432 2653 scholiastes
474 2612 521 2653 et
558 2610 614 2653 Is.
641 2610 791 2655 Tzetz
818 2611 902 2653 ΑΡ
927 2611 948 2653 Ι
973 2615 1107 2667 66,1.
1136 2617 1213 2665 26ς
1258 2611 1469 2654 codicum
1514 2610 1603 2654 GP
1638 2609 1847 2653 ordinem

157 2668 448 2712 retinuerunt
480 2669 624 2714 Gaisf.
658 2669 867 2725 Westph.
893 2672 907 2726 ΙΙ
940 2676 964 2713 2
997 2686 1040 2714 τι
1073 2684 1158 2714 om
1190 2672 1244 2725 C,
1275 2671 1326 2714 τὸ
1358 2672 1438 2725 ΡΗ
1463 2674 1487 2711 5
1521 2669 1757 2713 ἐπιπλεῖον
1791 2671 1845 2723 Ρ,

160 2726 235 2771 ἐπὶ
266 2727 406 2772 πλέον
431 2729 473 2782 Ι,
506 2728 581 2772 ἐπὶ
612 2731 824 2772 πλεῖστον
852 2729 888 2772 C
909 2732 922 2786 ΙΙ
948 2734 1092 2772 6—10
1118 2745 1183 2773 VV.
1210 2736 1291 2774 τοῦ
1310 2756 1363 2760 -
1385 2727 1652 2783 ἐπιφέρεται
1677 2728 1847 2772 desunt

158 2785 207 2828 in
240 2787 272 2830 Ι
279 2787 340 2830 Μ
377 2788 391 2843 ΙΙ
438 2791 463 2829 8
495 2787 553 2831 τὰ
584 2787 839 2845 περιῳδικὰ
872 2791 982 2832 ante
1013 2788 1071 2832 τὰ
1102 2788 1394 2848 παλινῳδικὰ
1426 2799 1669 2843 perperam
1704 2787 1843 2831 eollo—

160 2857 288 2960 (ἐαῗῖῖ
309 2845 504 2949 ἶὸίάθῖω·
535 2847 868 2948 gIrammatieus
893 2849 906 2903 Η
933 2852 987 2891 10
1019 2863 1069 2904 γε
1102 2850 1166 2902 H,
1198 2864 1244 2892 τε
1280 2848 1408 2892 01³1
1423 2850 1436 2903 Η
1464 2852 1514 2889 17
1551 2845 1688 2902 ὅμοια
1722 2847 1844 2891 ἐστιν

396 2922 415 2949 ἒ
438 2919 510 2949 o'w

1520 2980 1576 3022 5*
