2060 3168
0 0 44 256 Ι
587 158 650 198 1v
688 157 834 198 ΠΕΡΙ
864 157 1327 199 ΑΝΑΠΑΙΣΤῙΚΟΤ
1693 156 1801 209 383

109 285 194 333 οὖν
234 285 527 343 εὑρίσκονται
568 287 887 332 ἀναπαιστικὰ
926 288 1006 332 καὶ
1039 287 1086 341 ἐξ
1118 287 1233 333 ἑπτὰ
1264 289 1342 335 καὶ
1376 288 1493 333 ὀκτὼ
1526 288 1800 347 συγκείμενα

107 355 289 409 ποδῶν,
325 353 406 398 διὰ
437 361 573 399 τοῦτο
606 354 665 398 τὰ
696 362 891 399 τοιαῦτα
923 361 1104 411 μετρεῖν
1136 354 1256 399 κατὰ
1289 354 1512 400 ὃιποὸίαν
1544 356 1801 415 ἀναγκαζό-

109 424 247 477 μεθα.
316 420 386 464 Τὰ
426 419 583 477 μέντοι
622 419 906 477 προκείμενα
945 420 1054 477 ἡμῖν
1087 419 1251 477 μέτρα,
1295 420 1340 466 οἱ
1370 429 1493 476 τρεῖς
1524 419 1651 466 οὗτοι
1684 421 1800 467 ἀνά-

107 501 311 540 παιστοι,
344 487 572 531 δύνανται
604 488 684 532 καὶ
717 487 835 531 κατὰ
859 485 1152 544 μονοποὸίαν
1176 488 1460 544 μετρούμενα
1484 487 1801 532 ἀναπαιστικὰ

108 553 303 609 καθαρὰ
352 553 576 610 ἑξάμετρα
617 554 930 611 καταληκτικὰ
970 554 1036 605 εἰς
1074 554 1351 612 ὃισύλλαβον
1388 553 1629 611 λέγεσθαι,
1669 555 1800 599 καθὰ
1846 571 1867 604 5

107 621 187 665 καὶ
216 620 275 665 τὰ
307 619 391 665 ὅλα
422 619 626 677 ἡρωϊκοὲ,
658 621 887 665 δύνανται
919 621 970 665 δὲ
1003 621 1082 665 καὶ
1114 620 1232 665 κατὰ
1263 620 1487 665 ὃιποὸίαν
1518 621 1801 678 ποδιζόμενα

107 687 425 733 ἀναπαιστικά
465 686 682 744 τρίμετρα
722 687 1035 744 καταληκτικὰ
1066 687 1133 739 εἰς
1163 688 1440 746 ὃισύλλαβον
1473 687 1798 743 ὀνομάζεσθαι.

106 753 165 798 τὰ
205 751 250 797 δ’
281 753 495 798 ἐπέκεινα
534 754 713 798 τούτων
752 753 871 798 κατὰ
912 751 1134 798 ὃιποὸίαν
1174 753 1320 809 μόνον
1352 762 1602 811 μετρεῖται,
1646 752 1712 799 δι’
1741 753 1800 811 ἣν

108 819 302 876 εἴπομεν
334 819 505 866 αἰτίαν.

227 886 571 943 Μονόμετρα
613 894 726 943 γοῦν
767 886 908 931 πάλιν
947 887 1265 931 ἀναπαιστικὰ
1299 886 1411 940 ὅλως
1442 889 1526 932 οὐκ
1559 886 1696 941 εἰσίν,
1741 889 1802 940 ὡς
1827 905 1867 936 ιο

110 953 221 999 οὐδὲ
253 953 521 999 ὃακτυλικά.

227 1019 478 1077 Δίμετρα
510 1019 563 1065 δὲ
596 1019 1009 1079 βραχυκατάληκτα
1042 1019 1124 1076 μὲν
1157 1021 1218 1071 ὡς
1247 1021 1299 1065 τὸ

375 1085 544 1143 ἐμέθεν
577 1086 761 1143 μελέων,
795 1085 975 1142 ἐμέθεν.

107 1154 445 1210 καταληκτικὸν
477 1154 543 1206 εἰς
575 1153 803 1210 συλλαβὴν
835 1153 886 1196 τὸ

375 1218 454 1265 ἵνα
484 1223 606 1280 λῷον
638 1220 772 1277 ἄγοις
801 1219 920 1264 κατὰ
954 1219 1036 1264 σόν
1068 1237 1134 1276 με.
1825 1236 1865 1269 15

106 1293 242 1331 τοῦτο
282 1286 334 1331 δὲ
372 1287 692 1343 παροιμιακὸν
723 1287 803 1331 καὶ
836 1287 1209 1343 ἑφθημιμερικὸν
1242 1289 1462 1331 καλεῖται.
1526 1290 1799 1345 καταληκτι-

110 1354 198 1399 κὸν
230 1353 282 1399 δὲ
315 1355 380 1406 εἰς
415 1355 693 1413 δισύλλαβον
726 1351 828 1398 οἷον
859 1354 911 1398 τὸ

377 1422 432 1465 σὺ
465 1420 676 1478 μάκαιρα
707 1421 871 1477 κύδιμε
902 1418 1020 1476 κόρα
1050 1419 1207 1464 κεδνοὶ.

106 1487 433 1544 ἀκατάληκτον
466 1487 518 1533 δὲ
550 1486 765 1544 δίμετρον
797 1487 1138 1531 ἀναπαιστικὸν
1169 1487 1220 1530 τὸ

377 1553 546 1610 ἐμέθεν
579 1553 765 1610 μελέων,
798 1552 965 1610 ἐμέθεν
997 1552 1204 1610 κραδίης.
1822 1570 1865 1601 20

109 1619 519 1678 ὑπερκατάληκτον
553 1622 619 1673 εἰς
651 1619 879 1678 συλλαβὴν
910 1621 961 1664 τὸ

376 1686 453 1733 ἵνα
486 1691 606 1748 λῷον
638 1687 771 1744 ἄγοις
801 1686 921 1731 κατὰ
953 1685 1036 1731 σόν
1069 1703 1121 1743 με
1152 1686 1347 1744 θέλημα.

111 1754 518 1811 ’ὑπερκατάληκτον
551 1754 617 1806 εἰς
648 1754 923 1812 ὃισύλλαβον
954 1754 1006 1798 τὸ

375 1819 544 1876 ἐμέθεν
577 1819 762 1876 μελέων,
795 1819 962 1876 ἐμέθεν
994 1818 1190 1877 κραδίης
1221 1819 1382 1876 ὁρμάν.

108 1887 189 1931 καὶ
220 1885 411 1943 δίμετρα
444 1886 527 1943 μὲν
558 1894 717 1931 ταῦτα.
1821 1901 1862 1934 25

231 1957 273 1997 Τ
278 1952 509 2010 ρίμετρα
543 1953 594 1998 δὲ
626 1953 781 2007 πάλιν,
815 1952 1253 2012 βραχυκατάληκτον
1286 1952 1369 2009 μὲν
1401 1950 1504 1997 οἷον
1535 1954 1588 1998 τὸ

377 2021 431 2064 σὺ
465 2019 673 2076 μάκαιρα
705 2020 868 2076 κύδιμε
899 2019 1218 2075 ἀριστοτόκεια
1250 2018 1381 2074 κόρα.

32 2085 77 2142 9)
110 2086 448 2143 καταληκτικὸν
489 2086 539 2131 δὲ
579 2087 630 2131 τὸ
671 2087 754 2142 μὲν
795 2087 860 2138 εἰς
892 2084 1122 2144 συλλαβήν
1155 2086 1420 2142 Σιμμιακὸν
1459 2088 1688 2140 καλεῖται,
1729 2083 1796 2130 ’ὄτι

107 2155 259 2213 πολλῷ
284 2154 410 2213 αὐτῷ
434 2160 600 2212 χρῆται
632 2151 838 2210 Σιμμίας
870 2153 894 2198 ὁ
920 2151 1112 2204 Ῥόδιος.
1177 2152 1269 2197 ἔστι
1302 2151 1352 2197 δὲ
1385 2153 1446 2205 ὡς
1475 2160 1612 2197 τοῦτο

375 2219 455 2263 ἰ’να
486 2223 603 2279 λῷον
636 2220 767 2277 ἄγοις
798 2219 916 2263 κατὰ
950 2217 1031 2264 σόν
1063 2219 1189 2279 <με>
1221 2218 1402 2276 θέλημα
1436 2217 1667 2276 ὁδηγεῦσ’.
1820 2235 1862 2266 3ο

106 2287 157 2330 τὸ
200 2285 251 2332 δὲ
292 2287 357 2336 εἰς
395 2287 695 2345 ὃισύλλαβον,
739 2287 800 2338 ὡς
832 2285 1021 2337 ἕκαστος
1051 2293 1142 2330 τῶν
1172 2284 1499 2342 προτεθέντων
1531 2293 1671 2342 τριῶν
1703 2284 1795 2330 στί-

105 2370 214 2410 χων.
264 2379 318 2385 -
366 2354 686 2409 ἀκατάληκτον
734 2352 786 2398 δὲ
831 2353 883 2396 τὸ
930 2353 1107 2397 τούτων
1155 2356 1235 2414 μιᾷ
1285 2354 1482 2411 συλλαβῇ
1526 2352 1792 2406 πλεονάζον.

105 2427 252 2463 ταῦτα
292 2418 343 2463 δὲ
381 2418 536 2463 πάντα
576 2420 655 2463 καὶ
694 2419 812 2463 κατὰ
852 2417 1142 2475 μονοποδίαν
1181 2419 1381 2464 δύναται
1428 2422 1696 2475 μετρεῖσθαι
1735 2419 1796 2471 ὡς

110 2485 301 2542 ἔφαμεν.
329 2512 383 2518 --
403 2483 826 2543 Ὑπερκατάληκτον
859 2487 909 2530 δὲ
940 2486 992 2530 τὸ
1026 2485 1108 2541 μὲν
1140 2486 1207 2538 εἰς
1231 2485 1460 2543 συλλαβήν
1484 2486 1621 2539 ἐστιν,
1654 2484 1678 2531 ὃ
1702 2493 1794 2530 τῶν

106 2551 473 2609 προρρηθέντων
504 2560 647 2607 τριῶν
680 2553 804 2597 ἐπῶν
835 2552 1074 2604 πλεονάζει
1106 2553 1211 2595 δυσὶ
1244 2553 1490 2610 συλλαβαῖς
1522 2549 1622 2596 οἷον
1652 2552 1704 2596 τὸ
1819 2565 1860 2597 35

373 2619 427 2662 σὺ
460 2618 666 2674 μάκαιρα
698 2619 861 2674 κύδιμε
894 2618 1211 2674 ἀριστοτόκεια
1245 2617 1360 2673 κόρα
1393 2617 1551 2672 κεδνοὶ,
1585 2617 1675 2662 ἵνα.

230 2792 256 2831 8
289 2786 513 2832 ὃιποὸίαν
539 2789 718 2845 scripsi,
751 2787 1042 2844 μονοποδίαν
1068 2790 1169 2833 PK
1191 2790 1206 2844 n
1234 2791 1285 2830 16
1312 2787 1631 2844 ἑφθημερικὸν
1657 2790 1762 2833 PK
1780 2797 1793 2845 ζ.

109 2851 165 2891 23
197 2849 304 2904 posss
343 2847 618 2905 δισύλλαβον
651 2848 755 2891 add.
798 2846 1013 2903 ὃίμετρον
1047 2849 1132 2904 ΚΙΙ
1157 2852 1212 2890 30
1245 2845 1298 2902 μὲ
1331 2846 1437 2890 add.
1468 2847 1554 2898 P2,
1586 2860 1672 2891 om.
1702 2849 1754 2892 K
1784 2850 1788 2906 i

109 2905 280 2963 ὁδηγεῦ
315 2907 419 2950 ΡΚ
445 2909 458 2963 ΙΙ
492 2912 546 2950 36
581 2907 728 2961 κούρα
760 2908 866 2952 PK
