2060 3168
55 1738 110 1780 83

588 208 692 250 XII.
716 208 829 248 XIII
859 208 1003 248 ΠΕΡΙ
1031 206 1380 249 ΠΑΙΩΝΙΚΟΤ
1724 205 1831 258 247

250 341 335 395 Ἐἰ
385 341 451 395 δέ
500 362 583 404 τις
633 339 816 410 ἔροιτο
876 350 993 404 πῶς
1046 341 1106 394 τὸ
1160 339 1362 410 μέτρον
1413 342 1475 394 τὸ
1528 342 1835 395 παιωνικὸν

141 426 318 491 μόνον
351 432 572 477 παιῶνα
610 433 832 493 πρῶτον
866 422 1077 492 δέχεται
1107 422 1199 475 καὶ
1229 421 1506 491 τέταρτον,
1547 423 1678 476 οὐδὲ
1710 423 1835 476 δεύ-

143 525 309 575 τερον
347 503 437 557 καὶ
476 506 682 574 τρίτον,
724 510 871 573 ἴστω,
912 505 985 567 ὡς
1024 503 1125 558 οὐκ
1164 502 1270 557 ἀπὸ
1302 513 1415 557 τῶν
1445 505 1707 557 παιώνων
1736 522 1835 558 πο-

144 587 261 639 δῶν
307 586 618 655 ὠνόμασται
665 587 726 638 τὸ
767 585 995 655 μέτρον,
1050 583 1167 638 ἀλλ’
1208 585 1290 638 ὅτι
1330 584 1393 639 ἐν
1430 586 1661 657 ἡμιολίῳ
1702 585 1834 655 ἐστί,

142 669 334 738 κύριος
375 667 435 721 δὲ
476 667 536 720 ἐν
575 667 722 740 αὐτῷ
754 670 894 730 ποὺς
932 666 961 719 ὁ
1000 669 1270 735 κρητικός,
1309 667 1370 730 ὃς
1410 668 1560 720 λύων
1594 667 1695 736 μὲν
1733 669 1835 736 τὴν

141 749 366 819 πρώτην
420 758 568 802 ποιεῖ
622 758 839 802 παιῶνα
891 747 1174 818 τέταρτον·
1229 747 1283 819 (ὁ
1335 749 1439 818 γὰρ
1488 748 1835 817 ἀμφίμακρος

144 832 264 885 λύει
318 832 419 899 τὴν
474 831 697 900 πρώτην
745 831 1028 898 συλλαβὴν
1080 831 1171 883 καὶ
1224 838 1371 883 ποιεῖ
1415 831 1513 883 τὸν
1560 828 1619 883 ἐκ
1664 839 1836 898 τριῶν

143 916 416 982 βραχειῶν
454 911 544 964 καὶ
585 923 711 978 μιᾶς
747 919 957 981 μακρᾶς
995 921 1211 964 παιῶνα
1241 910 1548 983 τέταρτον)
1590 912 1741 965 λύων
1773 909 1834 964 δὲ

143 997 245 1063 τὴν
299 994 530 1063 ἐσχάτην
586 993 638 1062 [ὁ
694 993 1066 1062 ἀμφίμακρος]
1121 1002 1268 1046 ποιεῖ
1327 1003 1544 1046 παιῶνα
1596 1003 1834 1063 πρῶτον,

143 1077 294 1129 λύων
334 1072 395 1128 δὲ
436 1076 596 1144 ἄμφω
636 1084 783 1128 ποιεῖ
820 1075 919 1128 τὸν
956 1075 1355 1144 πεντάβραχυν.

249 1156 588 1226 Ἡλιόδωρος
628 1156 692 1209 δέ
728 1171 863 1225 φησι
913 1157 1148 1225 κοσμίαν
1186 1149 1327 1209 εἶναι
1366 1165 1478 1210 τῶν
1515 1166 1836 1209 παιωνικῶν

144 1241 246 1308 τὴν
285 1239 420 1291 κατὰ
458 1240 604 1291 πόδα
650 1240 847 1307 τομήν,
894 1238 1040 1300 ὅπως
1086 1238 1118 1306 ἡ
1159 1237 1467 1300 ἀνάπαυσις
1506 1236 1835 1291 ἐπιδιδοῦσα

142 1323 346 1390 χρόνον
395 1318 697 1388 ἑξασήμους
746 1328 875 1390 ποιῇ
923 1320 1019 1381 τὰς
1063 1318 1252 1388 βάσεις
1304 1318 1396 1372 καὶ
1445 1321 1716 1390 ἰσομερεῖς
1763 1320 1835 1382 ὡς

143 1405 238 1465 τὰς
278 1403 461 1470 ἄλλας,
501 1395 623 1455 οἷον

293 1483 425 1536 οὐδὲ
463 1493 536 1536 τῶ
578 1483 849 1535 Κνακάλω
891 1479 1020 1535 οὐδὲ
1059 1491 1133 1534 τῶ
1174 1483 1447 1552 Νυρσύλα
1487 1481 1681 1553 (Alcm.
1718 1481 1834 1554 19)-

143 1566 344 1619 τούτου
386 1562 446 1617 δὲ
493 1565 662 1617 πάλιν
699 1563 1082 1632 ὑφαιρουμένη
1133 1560 1236 1630 μὲν
1273 1564 1306 1632 ἡ
1346 1565 1531 1632 πρώτη
1574 1562 1637 1635 ἐᾷ
1673 1565 1733 1617 τὸ
1775 1562 1832 1617 ἐκ

143 1648 423 1716 βακχείου,
463 1646 495 1714 ἡ
538 1647 598 1699 δὲ
638 1645 867 1713 δευτέρα
906 1646 967 1698 τὸ
1008 1643 1067 1698 ἐκ
1106 1646 1549 1714 παλιμβακχείου.

256 1727 346 1799 (41
361 1771 374 1797 ‚
402 1726 459 1798 7)
505 1728 733 1791 Ὁμοίως
782 1727 827 1780 δ’
875 1728 933 1780 ἐν
980 1731 1092 1779 τοῖς
1143 1728 1402 1791 Γεωργοῖς
1450 1727 1834 1793 Ἀριετοφάνηε

145 1811 357 1873 ἑποίηεέ
410 1827 517 1862 που
572 1811 668 1862 τὸν
722 1811 980 1873 τέταρτον
1031 1812 1244 1861 παιῶνα
1293 1808 1409 1861 ἀντὶ
1454 1812 1551 1861 τοῦ
1598 1811 1833 1874 πρώτου,

143 1893 207 1945 οὐ
247 1893 474 1956 τηρήεα(
513 1892 575 1944 τὸ
616 1895 834 1956 πρῶτον
873 1891 1230 1955 παρατήρημα

293 1973 350 2025 ἐν
391 1972 564 2041 ἀγορᾷ
604 1972 651 2024 δ’
692 1972 758 2025 αὗ
798 1972 1075 2024 πλάτανον
1117 1971 1175 2024 εὖ
1216 1972 1653 2037 διαφυτεύεομεν.

143 2048 258 2107 εἶπε
314 2054 417 2121 γὰρ
472 2054 572 2105 τὸν
624 2063 845 2122 πρῶτον
894 2062 1111 2105 παιῶνα
1156 2058 1415 2122 καθαρῶς
1461 2054 1831 2106 συντίθεσθαι

141 2144 240 2189 τοῦ
279 2136 595 2188 τελευταίου
637 2136 797 2196 ὄντος
835 2141 1112 2203 κρητικοῦ.
1190 2134 1218 2188 ὁ
1261 2131 1322 2187 δὲ
1360 2133 1615 2203 τέταρτος
1652 2136 1834 2188 παίων

262 2332 287 2369 5
322 2325 495 2369 schol.A
523 2329 620 2378 149,
640 2328 813 2367 ‘21-23

264 2494 285 2532 1
320 2489 435 2545 πῶς]
463 2495 602 2531 ποῖον
635 2487 677 2530 U
704 2489 717 2542 ΙΙ
750 2492 774 2528 2
810 2487 939 2544 οὐδὲ]
973 2485 1126 2531 οὐκέτι
1160 2487 1210 2531 δὲ
1247 2489 1291 2532 U
1313 2489 1327 2543 ΙΙ
1353 2493 1378 2531 5
1411 2487 1570 2541 κύριος
1602 2487 1830 2543 ἎΤΘΒΈΡῙΙἾ

141 2546 311 2603 κυρίως
344 2547 475 2590 codd.
517 2549 530 2602 ΙΙ
578 2552 691 2589 5-6
724 2545 808 2601 τὴν
841 2547 1028 2602 πρώτην
1060 2546 1288 2603 Westph„
1321 2548 1402 2590 τὸν
1434 2554 1618 2601 πρῶτον
1652 2547 1783 2591 codd.
1818 2571 1819 2574 ¹

143 2611 168 2648 6
203 2607 354 2665 (τὸν)
394 2613 582 2650 παιῶνα
614 2604 826 2660 Westph.
883 2607 896 2661 ΙΙ
951 2610 976 2648 6
1010 2604 1153 2649 6-8
1185 2604 1404 2661 τέταρτον
1438 2606 1544 2649 secl.
1571 2606 1783 2662 Westph.
1816 2597 1819 2632 ¹

144 2671 167 2709 7
202 2666 317 2732 λύει]
351 2672 477 2709 ποιεῖ
509 2666 578 2719 ΠΙ
607 2664 687 2708 τὸν
720 2663 946 2720 Westph„
979 2671 1071 2708 τῶν
1105 2666 1168 2718 Κ,
1199 2665 1283 2720 τὴν
1319 2667 1391 2720 Ull
1417 2669 1441 2707 9
1477 2665 1499 2707 ὁ
1533 2662 1833 2720 ἀμφίμακρος

143 2724 332 2778 seclusl;
366 2726 475 2768 ante
508 2723 531 2767 ὁ
567 2724 671 2767 add.
708 2723 935 2781 συλλαβὴν
971 2725 1021 2778 U,
1062 2724 1201 2774 αὐτὸς
1234 2725 1287 2767 K
1305 2726 1319 2780 ΙΙ
1347 2730 1398 2767 12
1434 2722 1576 2782 ὅπως]
1612 2722 1721 2779 ὅπερ
1755 2726 1794 2769 U
1821 2727 1825 2781 Ι

143 2784 418 2828 ἐπιδιδοῦσα
445 2783 623 2839 scripsi,
649 2784 846 2826 διδοῦσα
872 2782 1004 2826 codd.
1023 2784 1037 2838 ΙΙ
1058 2788 1110 2825 13
1136 2783 1218 2834 τὰς
1242 2783 1399 2840 βάσεις
1421 2790 1548 2827 ποιεῖ
1563 2785 1618 2827 K
1661 2788 1714 2826 15
1740 2791 1830 2828 κνᾶ

142 2842 262 2897 κήλω
296 2845 342 2885 et
377 2843 573 2898 μυρσίλα
608 2843 650 2886 U
675 2843 689 2898 ΙΙ
717 2846 770 2885 16
802 2855 954 2884 nonne
986 2841 1342 2899 ἀφαιρουμένηῗ)
1366 2844 1380 2898 ΙΙ
1408 2847 1459 2885 17
1494 2841 1712 2900 βραχείου
1746 2844 1790 2887 U

145 2906 199 2944 18
234 2899 353 2956 ὅμως
384 2901 533 2957 Heph.
579 2903 584 2956 Ι
628 2901 677 2945 ἐν
711 2914 797 2943 om.
825 2901 868 2944 U
904 2902 911 2957 Ι
947 2901 1183 2959 γεωργοῖς]
1217 2908 1457 2958 νεουργοῖς
1489 2903 1543 2945 Κ
1575 2903 1589 2958 ΙΙ
1631 2906 1683 2945 19
1717 2903 1829 2960 που]

140 2967 307 3006 τοῦτον
338 2961 393 3004 Κ
414 2962 421 3016 1
447 2966 529 3004 τοῦ
562 2974 650 3004 om.
676 2959 732 3004 K

1860 1095 1903 1128 10

1859 1503 1901 1536 15

1856 1911 1900 1943 20
