2090 3158
264 167 367 220 162
957 169 1190 211 ΣΧΟΛΙΑ
1220 170 1260 210 Α

960 360 1084 430 Cap.
1109 360 1250 413 XVI.

372 481 458 547 56,
485 480 518 532 6
558 481 1038 548 πολυσχημ-άτιστα
1078 480 1139 532 δὲ
1177 484 1435 547 καλεῖται,
1477 481 1610 533 ὅταν
1641 482 1786 550 παρὰ
1818 484 1948 543 τοὺς

262 560 603 630 ὡρισμένους
642 563 844 623 τόπους
883 564 1132 613 τίθενται
1178 563 1231 613 οἱ
1277 562 1468 626 πόδες,
1510 554 1631 614 οἷον
1671 563 1726 614 αἱ
1768 564 1950 630 ἄρτιοι
1981 572 2067 611 212

261 650 360 694 τοῦ
419 644 675 710 ίαμβικοῦ
728 641 993 710 δέχωνται
1042 643 1338 695 σπονδεῖον
1385 642 1417 711 ἢ
1466 643 1760 695 δάκτυλον·
1817 643 1949 696 ὅταν

218 745 236 776 5
263 719 368 776 οὖν
414 743 494 786 τις
541 732 652 775 τῶν
699 733 952 789 κωμικῶν
990 726 1116 791 θείη
1168 724 1442 776 δάκτυλον
1481 723 1513 792 ἢ
1554 725 1851 777 σπονδεῖον
1891 725 1951 776 ἐν

262 814 379 866 ταῖς
418 804 627 873 ἀρτίοις
665 812 765 856 τοῦ
801 805 1083 873 ἰαμβικοῦ,
1136 803 1240 857 εἴτ’
1279 800 1383 857 οὖν
1423 803 1484 857 ἐν
1522 814 1640 868 ταῖς
1677 815 1952 873 περιτταῖς
1978 811 2090 869 [108]

261 893 359 938 τοῦ
385 892 699 954 τροχαῖκοῦ,
725 886 784 938 τὸ
810 893 1068 939 τοιοῦτον
1093 885 1306 954 λέγεται
1329 887 1854 955 πολυσχημάτιστον.
1884 918 1946 924 —-

241 965 374 1020 Ιἔδει
416 963 476 1019 δὲ
515 967 684 1019 πάλιν
722 969 854 1033 μετὰ
886 969 951 1019 τὰ
984 966 1333 1037 ἀσυνάρτητα
1371 965 1496 1035 περὶ
1531 967 1952 1037 συγκεχυμένων

263 1049 436 1100 εἰπεῖν
475 1049 564 1100 καὶ
606 1046 726 1115 ἑξῆς
765 1048 889 1116 περὶ
927 1047 1409 1117 ἀπεμφαινόντων·
1450 1049 1859 1118 συγκεχυμένον
1892 1049 1955 1102 δέ

195 1151 236 1182 10
263 1129 436 1196 ἐστιν,
492 1130 624 1181 ὅταν
671 1132 901 1198 συζυγίᾳ
947 1128 1056 1181 τινὶ
1099 1128 1253 1198 ἑτέρα
1300 1131 1531 1197 συζυγία
1579 1129 1799 1182 ἐναντία
1839 1129 1952 1183 ε’πι-

263 1210 513 1279 φέρηται·
556 1209 973 1278 άπεμφαίνοντα
1015 1209 1091 1278 δέ,
1133 1210 1266 1263 ὅταν
1297 1207 1360 1262 ἕν
1391 1230 1502 1263 τινι
1540 1211 1717 1282 μέτρω
1757 1221 1952 1280 κακῶς,

263 1292 510 1343 τουτέστι
550 1292 698 1360 παρὰ
736 1294 927 1358 τόπον,
967 1300 1138 1343 κεῖται
1178 1292 1333 1360 πούς,
1375 1285 1497 1344 οἷον
1530 1293 1577 1344 εἰ
1617 1292 1676 1344 έν
1718 1295 1950 1364 ἰαμβικῷ

264 1373 520 1442 εὑρεθείη
570 1371 630 1424 ἐν
682 1371 840 1442 ἀρτία
886 1373 1043 1439 βάσει
1086 1374 1377 1435 σπονδεῖος
1417 1372 1448 1440 ἢ
1490 1372 1550 1426 ἐν
1588 1381 1856 1446 τροχαϊκῷ
1891 1373 1951 1427 ἐν

262 1461 508 1523 περιττῇ
571 1455 693 1506 τότε
759 1454 861 1522 γὰρ
917 1462 1016 1506 τοῦ
1074 1454 1208 1507 ὅλου
1262 1455 1589 1521 μονοειδοῦς
1644 1457 1801 1518 ὄντος
1856 1458 1953 1522 μία

196 1558 235 1589 15
261 1537 400 1602 μόνη
442 1535 590 1603 χώρα
630 1533 780 1586 ἐστὶν
820 1534 1122 1603 ἀνώμαλος.

374 1615 459 1682 56,
486 1615 517 1666 6
566 1614 692 1668 κατ’
731 1615 1110 1684 ἐπιλογισμόνε
1163 1617 1298 1669 κατὰ
1338 1619 1506 1685 λόγον
1545 1619 1668 1670 τινὰ
1708 1617 1798 1671 καὶ
1837 1638 1951 1671 κοι-

264 1699 471 1749 νωνίαν
510 1695 600 1749 καὶ
639 1707 750 1749 τῶν
789 1699 979 1750 ποδῶν
1018 1696 1367 1766 συγγένειαν;
1407 1729 1478 1735 ——
1511 1697 1645 1751 K2I
1651 1699 1726 1751 M

374 1778 467 1846 56,
496 1778 523 1829 7
574 1782 791 1845 πλῆθος
842 1777 1145 1847 ἐπιδέχεται
1200 1780 1510 1847 σχημάτων;
1567 1773 1688 1832 οἷον
1734 1782 1955 1848 κίνησιν

263 1861 480 1927 χρόνων
520 1860 608 1911 καὶ
651 1860 709 1912 ἐκ
749 1861 961 1913 τούτων
1002 1861 1277 1929 διάφορον
1316 1862 1505 1913 ποδῶν
1546 1861 1748 1929 σχέσιν.
1826 1865 1952 1930 σχή-

197 1964 238 1995 20
263 1960 403 2006 ματα
443 1941 546 2008 γὰρ
587 1938 781 2007 ἔλεγον
820 1943 920 2009 τὴν
959 1943 1126 1994 ποιὰν
1164 1951 1275 1994 τῶν
1315 1943 1506 1994 ποδῶν
1550 1941 1639 1994 καὶ
1678 1952 1789 1995 τῶν
1827 1946 1951 2011 χρό-

263 2042 377 2074 νων
417 2022 703 2074 σύνθεσιν.

374 2102 556 2171 56510
603 2104 664 2155 τὸ
712 2105 964 2172 καθαρὸν
1005 2105 1314 2172 Πριάπειον
1361 2104 1790 2158 ἀντισπαστικόν
1837 2104 1952 2158 ἐστι

263 2185 625 2252 τετράμετρον
658 2183 1049 2252 ἀκατάληκτον,
1081 2187 1182 2253 τὴν
1214 2185 1480 2255 δευτέραν
1515 2187 1774 2254 ἰαμβικὴν
1805 2183 1951 2255 ἔχον,

263 2258 384 2317 οἷον
425 2264 620 2335 <Heph.
648 2266 733 2329 34,
756 2263 808 2334 1)

198 2369 237 2400 25
336 2347 708 2415 ἠριστησαμεν
751 2348 926 2414 ἰτρίου
969 2350 1169 2400 λεπτοῦ
1209 2350 1407 2416 μικρὸν
1447 2347 1698 2410 άπόκλας.

382 2496 406 2534 8
439 2492 515 2534 Ar.
546 2490 700 2543 Quint.
730 2495 806 2545 36,
835 2495 958 2533 32—
976 2497 1045 2546 37,
1072 2498 1110 2536 5.
1167 2493 1280 2536 Mar.
1307 2493 1428 2536 vict.
1456 2492 1538 2536 GL
1563 2492 1627 2535 VI
1654 2496 1758 2547 105,
1785 2497 1948 2548 23sqq.

263 2550 366 2593 Rus.
395 2550 476 2594 GL
495 2550 557 2594 VI
582 2555 682 2603 559,
702 2555 769 2593 25.
805 2550 918 2592 Mar.
945 2551 1061 2595 Plot.
1091 2551 1173 2594 GL
1191 2551 1255 2595 VI
1272 2556 1555 2606 545‚16—17
1584 2551 1638 2594 cf.
1666 2551 1752 2608 frg.
1780 2551 1820 2594 ΙΙ
1841 2556 1907 2604 77,
1924 2558 1949 2595 5

383 2681 406 2717 2
442 2676 619 2720 scholia
658 2677 794 2719 huius
829 2677 996 2732 capitis
1037 2691 1127 2720 non
1170 2679 1278 2719 sunt
1308 2677 1398 2720 nisi
1431 2678 1479 2719 in
1511 2679 1546 2721 Ι
1550 2678 1612 2720 Μ
1639 2678 1685 2719 ef,
1715 2689 1950 2732 perpauca

263 2734 310 2776 in
346 2735 510 2790 Κ2113
545 2738 769 2779 τιθῶνται
793 2735 1004 2791 Westph.
1031 2738 1095 2792 114
1129 2736 1366 2794 ἰαμβικοῦ]
1401 2736 1570 2793 ἰάμβου
1603 2737 1701 2779 ΙΜ
1728 2738 1741 2791 ΙΙ
1775 2739 1798 2777 9
1832 2736 1950 2778 ἀπο-

265 2792 531 2846 φαινόντων
558 2797 655 2838 [ΛΜ
684 2796 696 2850 ΙΙ
724 2799 776 2837 12
812 2795 960 2866 ι’άμβω
988 2798 1086 2839 IM
1106 2797 1119 2851 Η
1147 2800 1199 2838 13
1231 2792 1431 2852 τροχαίω
1465 2796 1591 2848 ΙΜΙ
1621 2794 1670 2838 ἐν
1703 2809 1790 2837 om.
1818 2795 1915 2838 IM
1937 2797 1949 2850 ΙΙ

266 2857 318 2894 17
352 2859 443 2895 τῶν
476 2866 562 2895 om.
592 2853 668 2895 Κ2
693 2856 705 2909 ΙΙ
734 2858 786 2896 19
822 2855 1056 2909 διάφορον
1081 2853 1237 2908 Pauw,
1271 2853 1513 2909 διαφόρων
1538 2855 1667 2911 ΙΜΠ
1692 2858 1746 2896 23
1781 2853 1951 2896 debeat

264 2913 599 2966 καταληκτικὸν
631 2912 644 2968 ,Ι
679 2918 731 2955 ’.ὶὸ
766 2910 1040 2968 ἁπόκλασμα
1074 2915 1174 2957 ΙΜ
