2090 3158
190 1057 233 1088 10

189 1461 230 1494 15

189 2126 232 2157 20

260 163 328 214 76
858 163 1010 217 ,ΠΕΡΙ
1041 161 1334 203 ΣΗΜΕΙῼΝ.

258 298 546 365 διδόμενα,
600 295 687 349 ἐπὶ
740 293 800 348 δὲ
850 305 950 349 τοῦ
1002 296 1472 366 άντεπιρρήματος
1525 297 1558 365 ἡ
1605 295 1704 360 ἔξω
1756 318 1944 351 νενευ-

256 387 399 439 κυῖα.

369 461 483 528 (11)
517 461 772 512 Εἰώθασι
807 461 1002 512 τοίνυν
1034 459 1190 521 αὐτοὶ
1224 460 1275 511 οἱ
1310 460 1705 528 δραματοποιοὶ
1743 460 1943 529 μεταξὺ

260 543 521 609 ἰαμβείων
552 550 724 593 τινῶν
755 540 994 609 γράφειν
1027 539 1190 611 ἑτέρῳ
1225 539 1401 612 μέτρῳ
1435 540 1754 594 ὁποσοισοῦν
1786 557 1944 611 στρο-

259 623 386 691 φάς’
429 617 543 675 εἶτα
583 623 750 675 πάλιν
788 621 1122 690 περάναντες
1163 620 1232 673 δι’
1269 623 1532 690 ἰαμβείων
1566 624 1627 676 τὸ
1659 627 1945 692 προκείμε-

257 724 358 757 νον
411 704 547 756 κατὰ
602 702 841 772 διέχειαν
895 702 1328 756 ἀνταποδιδόναι
1375 704 1470 766 τὰς
1517 705 1772 773 στροφάς.
1850 703 1946 773 ἐφ’

259 783 482 853 ἑκάστης
528 781 629 852 μὲν
669 780 772 836 οὖν
812 792 1054 853 στροφῆς
1092 787 1307 836 τίθεται
1347 785 1728 855 παράγραφος·
1781 784 1843 839 ἐν
1882 783 1942 839 δὲ
1967 791 2090 852 [140]

256 875 374 927 ταῖς
427 864 716 935 προτέραις
772 874 1038 934 στροφαῖς
1091 863 1179 917 ε’πὶ
1234 874 1335 918 τοῦ
1389 868 1706 920 τελευταίου
1761 867 1944 920 κώλου

258 948 359 999 δύο
399 949 646 1000 τίθενται
686 949 892 1014 διπλαῖ,
933 947 964 1015 ἡ
1004 943 1106 1013 μὲν
1143 946 1270 1000 κατ’
1309 946 1477 1017 ἀρχὰς
1516 946 1614 1011 ἔξω
1645 947 1945 1017 βλέπουσα,

258 1029 289 1097 ἡ
338 1029 399 1082 δὲ
445 1029 580 1081 κατὰ
626 1030 686 1081 τὸ
727 1027 881 1091 τέλος
920 1026 1026 1081 ἔσω
1067 1036 1384 1096 νενευκυῖα,
1433 1029 1753 1097 δηλούντων
1795 1029 1946 1098 ἡμῶν

258 1111 349 1162 διὰ
380 1118 474 1178 τῆς
506 1113 610 1162 ἔσω
643 1111 968 1178 βλεπούσης,
1002 1109 1084 1161 ὅτι
1117 1109 1550 1162 ἀνταποδίδοταί
1576 1131 1700 1163 τινα
1733 1110 1943 1172 αὐτοῖς·

256 1189 317 1244 ἐν
364 1188 425 1243 δὲ
471 1199 586 1254 τοῖς
640 1190 1167 1260 ἀνταποδιδομένοις
1212 1192 1381 1244 πάλιν
1426 1192 1528 1260 μὲν
1574 1190 1671 1260 ἐφ’
1718 1190 1945 1260 ἑκάστης

257 1280 498 1342 στροφῆς
552 1273 938 1341 παράγραφος,
995 1271 1082 1325 ἐπὶ
1131 1269 1190 1324 δὲ
1246 1280 1345 1325 τοῦ
1396 1274 1713 1326 τελευταίου
1761 1274 1943 1326 κώλου

256 1354 358 1406 δύο
407 1354 621 1421 διπλαῖ,
672 1354 704 1421 ἡ
752 1354 853 1422 μὲν
899 1352 1025 1406 κατ’
1065 1353 1257 1423 ἀρχάς,
1308 1354 1340 1423 ἡ
1390 1348 1450 1407 δὲ
1497 1356 1631 1407 κατὰ
1670 1356 1731 1408 τὸ
1772 1354 1943 1422 τέλος,

257 1435 560 1503 ἀμφότεραι
600 1434 786 1503 μέντοι
826 1431 926 1498 ἔξω
967 1443 1299 1504 νενευκυῖαι,
1340 1436 1432 1488 διὰ
1463 1437 1676 1491 τούτων
1709 1437 1944 1504 δηλούν-

255 1537 365 1569 των
407 1517 575 1584 ἡμῶν,
615 1516 697 1568 ὅτι
739 1515 1187 1570 ἀνταποδέδοται.

439 1797 970 1859 FRAGMENTA
1016 1798 1754 1860 HEPHAESTIONEA.

1079 1915 1103 1967 I

368 2016 529 2070 schol.
568 2018 623 2068 in
663 2017 916 2088 Hermog.
951 2017 1093 2071 RhG
1117 2018 1222 2070 VII
1248 2019 1459 2088 892,1Ο
1499 2020 1829 2088 ῥυθμὸς...,
1869 2022 1942 2082 ὡς

257 2095 316 2150 δὲ
338 2096 778 2166 Ἀριστόξενος
809 2100 914 2152 καὶ
933 2098 1339 2168 “Ηφαιστίων
1364 2103 1516 2169 φασί,
1542 2103 1756 2170 χρόνων
1779 2100 1940 2165 τάξις.

257 2181 454 2247 χρόνος
501 2178 565 2231 δέ
607 2178 720 2232 ἐστι
767 2182 966 2249 μόριον
1011 2182 1181 2243 ποδὸς
1219 2181 1252 2249 ἢ
1293 2190 1481 2250 φωνῆς
1523 2182 1725 2251 μέτρον
1763 2181 1937 2251 ἐλάχι-

259 2274 392 2312 στον
424 2259 455 2327 ἢ
488 2259 689 2328 μέτρον
720 2281 771 2313 τι
804 2265 1086 2329 κινήσεως,
1126 2260 1216 2314 καὶ
1241 2265 1423 2331 ὥσπερ
1451 2263 1509 2315 ἐκ
1539 2273 1739 2333 χειρῶν
1770 2267 1941 2332 τυχὸν

256 2339 345 2392 καὶ
392 2342 580 2393 ποδῶν
627 2351 809 2411 μερῶν
849 2344 1027 2395 ὄντων
1074 2345 1162 2396 καὶ
1202 2354 1313 2396 τῶν
1352 2346 1535 2397 ἄλλων
1575 2345 1602 2398 ὁ
1644 2346 1940 2414 ἄνθρωπος

255 2424 599 2489 συνίσταται,
657 2423 715 2484 ὅς
766 2422 916 2475 ἐστιν
963 2418 1132 2491 εἶδος,
1186 2425 1358 2487 οὕτως
1410 2424 1468 2477 ἐκ
1520 2429 1803 2494 συνθήκης
1849 2426 1937 2477 καὶ

372 2581 404 2623 1.
438 2581 636 2625 Aristox.
668 2579 806 2637 ῥυθμ.
843 2597 979 2639 max.
1005 2557 1091 2639 ἠὲ.
1121 2590 1166 2636 1;
1202 2557 1374 2627 19—20
1407 2599 1462 2628 ex
1495 2585 1682 2628 scholiis
1710 2585 1845 2627 fluxit
1877 2585 1936 2628 ad

257 2639 375 2682 Max.
404 2639 532 2682 Plan.
559 2640 632 2682 Rh
644 2640 680 2682 G
709 2641 747 2682 V
771 2646 876 2693 454,
898 2646 974 2694 20;
1008 2642 1063 2684 ef.
1098 2643 1233 2686 Pron.
1261 2644 1403 2700 Long.
1431 2649 1507 2697 82,
1530 2650 1660 2699 lsqq.

376 2791 396 2828 1
434 2786 738 2842 ἑπιρρήματος
771 2790 804 2831 Ι
828 2791 840 2843 Η
874 2793 898 2830 6
932 2789 1173 2847 συνέχειαν
1205 2792 1236 2833 Ι
1262 2793 1276 2846 Η
1310 2795 1362 2833 16
1397 2789 1767 2835 ἀνταποδέδοται
1801 2791 1935 2834 Thie-

254 2857 416 2897 mann,
460 2844 827 2890 ἀνταποδίδοται
868 2848 1001 2891 codd.
1045 2852 1050 2902 l
1097 2850 1184 2893 GP
1213 2849 1318 2892 add.
1352 2848 1480 2905 τέλοςΑ
1507 2856 1588 2892 τοῦ
1625 2847 1936 2905 ἡφαιστίωνος

256 2902 531 2961 ἐγχειριδίου
564 2907 576 2960 ΙΙ
610 2909 664 2947 20
698 2903 757 2954 ὥς
790 2920 931 2961 φησιν
956 2905 1253 2962 Ἀριστόξενος
1284 2906 1311 2963 ἢ
1339 2906 1628 2963 “Ηφαιστι’ων
1656 2908 1776 2952 Max.
1802 2909 1932 2952 Plan.
