2090 3158
249 185 317 236 14
444 185 866 227 ΗΦΑΙΣΤΙῼΝΟΣ
898 184 1288 225 ΕΓΧΕΙΡΙΔΙΟΝ
1321 185 1464 225 ΠΕΡΙ
1492 184 1752 227 ΜΕΤΡΩΝ.

467 320 555 387 ἄγ’
598 315 726 371 αὖτ’
766 317 819 380 ἐς
859 312 1014 371 οἷκον
1054 319 1154 371 τὸν
1192 320 1548 386 Κλεησίππω·

246 400 489 454 ἐνταῦθα
536 402 640 469 γὰρ
675 399 704 454 ὁ
740 414 921 452 σιππω
970 401 1111 461 ποὺς
1143 397 1266 452 ἀντὶ
1300 399 1429 467 ὅλης
1471 401 1723 469 ἰαμβικῆς
1760 409 1934 454 κεῖται

246 483 514 544 διποδίας.

355 564 441 631 (4)
488 562 957 632 ’Τπερκατάληκτα
989 562 1050 614 δὲ
1090 561 1192 614 ὅσα
1234 562 1371 630 πρὸς
1402 568 1476 634 τῷ
1517 565 1703 634 τελείῳ
1738 563 1934 632 προσέ-

201 666 219 698 5
245 647 377 712 λαβε
408 644 573 714 μέρος
611 644 797 711 ποδός,
837 637 960 696 οἷον
999 642 1086 696 ἐπὶ
1129 644 1386 710 ἰαμβικοῦ
1428 641 1512 714 (fr.
1530 643 1628 712 lyr.
1646 642 1933 716 adesp.46)

467 722 582 794 εἶμ’
622 721 722 778 ὧτε
761 725 1023 778 πυσσάκω
1065 728 1323 777 λυθεῖσα·

242 815 406 860 τοῦτο
453 804 555 873 μὲν
595 803 698 859 οὖν
738 809 1005 876 συλλαβῇ
1026 805 1287 875 [πλείονι]
1327 808 1653 875 περιττεύει·
1701 807 1934 860 δύναται

243 885 303 941 δὲ
354 887 444 940 καὶ
497 887 811 959 δισυλλάβῳ
861 887 1226 955 περιττεύειν,
1279 887 1484 941 ὁπόταν
1524 886 1773 957 ἑκάτερος
1822 898 1935 942 τῶν

245 969 304 1022 ἐν
353 978 417 1039 τῇ
468 971 700 1040 συζυγίᾳ
745 969 935 1022 ποδῶν
981 970 1347 1039 τρισύλλαβος
1390 963 1442 1038 ᾗ,
1491 963 1613 1022 οἷον
1670 968 1761 1022 ἐπ’
1803 969 1934 1023 ἀνα-

176 1072 218 1104 ιο
242 1059 534 1103 παιστικοῦ
575 1049 849 1121 (Telesilla
891 1048 947 1120 1)

466 1131 563 1184 ἅδ’
586 1131 857 1202 ’Ἀρτεμις,
898 1129 939 1184 ὦ
978 1134 1162 1200 κόραι·

240 1221 403 1266 τοῦτο
443 1215 547 1283 γὰρ
586 1214 726 1283 πρὸς
763 1221 828 1283 τῇ
868 1213 1150 1285 ὁλοκλήρῳ
1192 1215 1422 1283 συζυγίᾳ
1455 1214 1791 1280 δισύλλαβον
1822 1211 1932 1283 ἔχει

243 1294 366 1363 [τὸν
403 1294 763 1363 τελευταῖον],
797 1295 929 1364 ὅπερ
971 1294 1312 1347 ἀναπαίστου
1343 1300 1441 1364 μιᾷ
1481 1293 1630 1348 ἐνδεῖ
1669 1299 1929 1365 συλλαβῇ.

351 1378 671 1429 Καλοῦνται
711 1373 772 1428 δὲ
812 1383 983 1428 ταῦτα
1021 1376 1201 1428 πάντα
1239 1375 1548 1438 ἀποθέσεις.
1597 1407 1659 1413 ——

175 1478 215 1510 15
353 1457 434 1525 (5)
476 1457 699 1519 Παντὸς
725 1456 927 1527 μέτρου
953 1456 1258 1527 ἀδιάφορός
1286 1455 1484 1525 ἐστινὴ
1502 1459 1783 1510 τελευταία
1807 1463 1931 1511 συλ-

243 1541 404 1607 λαβή,
457 1539 592 1591 ὥστε
645 1539 924 1591 δύνασθαι
976 1533 1119 1591 εἶναι
1174 1538 1346 1606 αὐτὴν
1395 1537 1487 1591 καὶ
1533 1541 1795 1608 βραχεῖαν
1841 1540 1931 1592 καὶ

239 1620 472 1688 μακράν,
513 1613 636 1672 οἷον
678 1618 748 1690 (Β
784 1618 839 1690 1)

389 1702 547 1754 ἄλλοι
586 1700 688 1768 μέν
727 1701 796 1770 ῥα
834 1703 963 1754 θεοί
998 1721 1055 1754 τε
1095 1700 1186 1753 καὶ
1227 1701 1416 1768 ἀνέρες
1457 1703 1855 1770 ἱπποκορυσταὶ-

390 1779 557 1835 εὗδον
581 1783 899 1851 παννύχιοι·
936 1785 1049 1835 Δία
1075 1784 1108 1835 δ
1121 1782 1134 1802 ’
1157 1782 1259 1835 οὐκ
1283 1780 1370 1852 ἔχε
1395 1783 1639 1851 νήδυμος
1661 1784 1856 1846 ὕπνος·

176 1886 218 1917 20
242 1863 303 1916 ἐν
341 1861 442 1932 μὲν
481 1865 585 1933 γὰρ
625 1871 699 1936 τῷ
731 1863 981 1936 προτέρῳ
1013 1864 1192 1933 μακρά
1225 1863 1373 1916 ἐστιν
1411 1863 1443 1932 ἡ
1479 1866 1763 1917 τελευταία
1802 1869 1931 1918 συλ-

242 1947 398 2014 λαβή,
438 1944 500 1998 ἐν
540 1946 601 1998 δὲ
640 1954 713 2017 τῷ
749 1944 987 2016 δευτέρῳ
1027 1948 1270 2014 βραχεῖα.

354 2028 437 2095 (6)
479 2031 606 2079 Πᾶν
637 2026 839 2095 μέτρον
871 2028 948 2089 εἰς
979 2029 1193 2080 τελείαν
1224 2034 1555 2096 περατοῦται
1587 2025 1755 2089 λέξιν·
1791 2027 1930 2080 ὅθεν

363 2192 414 2230 11
448 2187 574 2230 idem
604 2201 761 2230 versus
793 2202 837 2243 p.
865 2192 935 2240 35,
963 2191 1017 2230 10
1057 2187 1319 2242 exemplum
1358 2189 1429 2230 est
1466 2187 1610 2230 ionici
1651 2200 1678 2230 a
1709 2187 1886 2231 maiore
1917 2188 1931 2245 Η

246 2251 298 2288 15
332 2246 407 2288 Ar.
436 2245 590 2298 Quint.
611 2251 681 2301 31,
699 2252 725 2289 4
749 2249 763 2302 Η
788 2247 1069 2302 22-Ρ.15,8
1095 2246 1308 2290 Eustath.
1329 2246 1389 2288 ad
1407 2248 1452 2294 Ξ
1468 2251 1552 2290 265
1577 2260 1621 2302 p.
1643 2251 1742 2301 223,
1762 2251 1816 2289 29
1828 2261 1926 2302 sqq.

243 2305 354 2348 Mar.
382 2305 501 2348 vict.
519 2304 583 2347 VI
607 2310 678 2360 56,
705 2311 729 2348 2

309 2452 321 2464 ’
362 2463 384 2500 1
418 2458 682 2516 κλεῃσίππω
715 2461 779 2511 A,
824 2458 1087 2536 κλεησίππω
1121 2462 1168 2514 I,
1210 2458 1506 2516 καλεησίππω
1538 2462 1610 2535 D,
1655 2459 1927 2516 καλησίππω

243 2531 335 2561 exc.
368 2517 470 2561 Par
504 2520 518 2574 Η
544 2524 567 2561 2
585 2518 651 2592 61
679 2519 707 2574 ἡ
742 2496 831 2562 ΒΙ
857 2521 920 2575 116
955 2516 1039 2563 ὧτε
1072 2518 1291 2563 πυσσάκω
1325 2519 1529 2574 Wilam„
1562 2514 1597 2563 ὦ
1629 2519 1928 2563 ταπυσσάκω-

242 2579 435 2619 λυθεῖσα
467 2579 533 2631 A,
573 2594 634 2620 ωτ
689 2578 937 2621 ἀπυσσοὶλω
977 2581 1133 2622 λυεῖσα
1165 2580 1213 2630 Ι,
1255 2575 1362 2621 ὥστ’
1400 2578 1636 2622 ἀπισσάλω
1675 2581 1831 2622 λυεῖσα
1863 2579 1926 2631 Β,

243 2632 347 2678 ὥστ’
384 2635 477 2679 ἀπὸ
509 2635 724 2680 πυσσάλω
758 2639 914 2679 λυεῖσα
938 2638 995 2680 Η
1013 2639 1027 2694 ΙΙ
1053 2642 1076 2679 7
1102 2635 1282 2681 πλείονι
1307 2637 1473 2692 delevi,
1499 2637 1630 2680 deest
1660 2651 1733 2693 ap.
1767 2636 1925 2680 Choer.

243 2699 313 2748 66,
339 2699 364 2736 5
397 2693 448 2737 δὲ
481 2696 559 2738 καὶ
592 2695 796 2750 ΨίΙαω.,
829 2694 912 2751 μὲν
946 2693 1029 2740 οὖν
1062 2697 1221 2750 ADI,
1254 2694 1337 2752 μὲν
1369 2693 1454 2740 οὖν
1485 2697 1564 2739 καὶ
1595 2697 1653 2738 Η
1693 2698 1707 2751 11
1756 2701 1807 2739 11
1842 2695 1927 2739 aas

241 2754 365 2806 AD,
406 2753 435 2795 ὰ
469 2752 518 2796 δὲ
552 2756 584 2796 Ι
622 2756 627 2809 Ι
669 2753 784 2808 κόρα
817 2756 866 2798 D
905 2757 919 2811 Η
957 2760 1009 2798 12
1044 2755 1135 2813 ἔχει
1175 2755 1360 2811 scripsi,
1402 2755 1450 2798 ἔσ
1481 2770 1500 2798 ε
1546 2755 1678 2798 codd.
1712 2757 1726 2811 ΙΙ
1760 2760 1813 2798 13
1845 2756 1927 2798 τὸν

242 2814 501 2856 τελευταῖον
543 2813 691 2856 delevi
730 2817 782 2856 ut
823 2828 877 2856 ex
917 2814 1104 2857 scholiis
1147 2814 1368 2869 illapsum
1409 2772 1482 2870 (σέ.
1518 2813 1707 2870 schol.)A
1691 2815 1729 2870 >,
1767 2814 1819 2857 τὸ
1859 2829 1926 2857 τε·

242 2873 452 2914 λευταῑον
492 2885 586 2915 exc.
628 2872 728 2915 Par.
770 2875 783 2927 ΙΙ
833 2878 885 2916 15
927 2873 1033 2916 ἄλλο
1074 2872 1329 2928 κεφάλαιον
1367 2873 1416 2915 in
1449 2872 1590 2916 schol.
1616 2875 1682 2928 A,
1714 2873 1763 2916 in
1794 2875 1926 2917 textu

242 2931 334 2973 DI
362 2932 377 2985 ΙΙ
404 2934 457 2972 16
481 2929 565 2985 τὴν
591 2931 737 2986 αὐτὴν
763 2932 811 2974 Β
836 2954 837 2957 =
876 2936 927 2973 19
964 2931 1060 2988 ἔσχε
1087 2933 1135 2975 D
1160 2934 1173 2987 ΙΙ
1198 2937 1252 2974 22
1278 2938 1552 2986 περαιοῦται
1585 2932 1796 2975 Eustath.

1966 810 2067 870 [28]

1965 1465 2019 1505 16
