2060 3168
548 221 676 263 19.1o
707 220 853 261 ΠΕΡΙ
881 219 1116 260 ΚΟΙΝΗΣ
1148 217 1490 259 ΣΤΛΛΑΒΗΣ
1759 217 1868 270 203

177 355 268 408 καὶ
308 353 369 408 ἐν
408 352 689 423 Νεφέλαις
729 351 888 424 (638)

325 437 561 504 πότερον
599 435 723 504 περὶ
764 434 979 503 μέτρων
1010 433 1079 503 <ἢ
1110 434 1236 503 περὶ
1270 433 1452 502 ἐπῶν>
1483 432 1515 501 ἢ
1550 433 1806 503 ῥυθμῶν·

177 517 267 570 καὶ
305 517 474 570 πάλιν
513 514 670 587 (647)

326 599 462 668 ταχύ
502 596 550 665 γ’
590 597 660 650 ἄν
699 598 898 650 δύναιο
938 594 1251 664 μανθάνειν
1290 595 1716 666 περὶ“ρ”υθμῶν·

175 678 267 733 καὶ
306 680 474 733 πάλιν
516 676 672 750 (648)
1917 699 1936 731 5

324 763 380 814 τί
416 759 476 814 δ’
515 761 584 813 ἄν
615 758 679 828 μ’
711 759 1055 828 ὠφελήσειαν
1094 760 1146 812 οἱ
1186 758 1394 827 ῥυθμοὶ
1435 759 1573 829 πρὸς
1610 760 1868 828 τᾶλφιτα·

175 841 266 896 καὶ
306 843 474 896 πάλιν
514 839 672 912 (650)

324 925 535 978 ἐπαΐειν
577 923 767 984 ὁποῖος
806 921 919 976 ἐστὶ
959 931 1070 974 τῶν
1109 922 1365 990 ῥυθμῶν·

40 1014 142 1068 111)
174 1005 265 1061 καὶ
305 1006 367 1060 ἐν
407 1006 712 1075 Βατράχοις
752 1001 945 1075 (1365)

326 1087 413 1142 ἐπὶ
454 1088 551 1140 τὸν
591 1088 844 1152 σταθμὸν
883 1086 987 1154 γὰρ
1030 1084 1200 1137 αὐτὸν
1240 1084 1467 1153 ἀγαγεῖν
1506 1085 1793 1154 βούλομαι.
1894 1107 1936 1139 10

175 1172 237 1224 τὸ
279 1167 338 1223 δὲ
378 1177 478 1223 τοῦ
512 1170 795 1238 Κρατίνου
827 1166 967 1234 <οὐ>
1007 1164 1239 1234 λέγομεν
1271 1167 1354 1220 ὅτι
1395 1167 1487 1220 διὰ
1518 1174 1682 1219 τοῦτο
1717 1162 1870 1219 εἶπεν

87 1262 141 1302 51
177 1251 468 1320 ε’λήλυμεν·
523 1247 638 1303 ἔστι
687 1249 791 1316 γὰρ
841 1248 930 1300 καὶ
971 1249 1118 1313 παρὰ
1167 1246 1496 1320 Ἐπιχάρμῳ,
1544 1239 1666 1300 οἷον
1705 1247 1871 1311 αὐτὸς

41 2015 142 2070 111)

174 1336 537 1404 παρατίθεται
579 1330 607 1384 ὁ
647 1330 900 1398 μετρικὸς
938 1326 1014 1400 (7,
1043 1327 1134 1400 10)
1182 1330 1283 1397 τὴν
1327 1338 1526 1399 χρῆσιν
1565 1328 1626 1382 ἐν
1665 1330 1869 1403 Κύκνῳ

326 1414 545 1467 τοιοῦδε
588 1412 769 1482 φωτὸς
807 1411 946 1480 πρὸς
986 1411 1190 1479 δόμους
1229 1410 1513 1478 ἐλήλυμεν.

176 1497 244 1549 οὐ
283 1506 457 1548 κεῖται
500 1494 560 1547 δὲ
600 1493 775 1555 οὕτως
814 1492 846 1561 ἡ
887 1500 1096 1561 χρῆσις,
1138 1491 1275 1544 ἀλλὰ
1895 1514 1936 1546 15

326 1577 555 1629 Κύκνου
599 1571 658 1627 ὀε
698 1583 886 1643 πρῶτα
924 1574 1060 1642 πρὸς
1102 1574 1306 1640 δόμους
1344 1571 1634 1642 ἐλήλυμεν·

175 1659 266 1711 καὶ
314 1658 488 1720 οὕτως
535 1658 619 1710 δεῖ
665 1656 915 1726 γράφειν.
993 1654 1142 1717 ὅστις
1191 1675 1327 1707 κατα
1366 1654 1668 1724 ἀναλογίαν
1716 1654 1870 1725 ε’χρη-

177 1754 307 1793 σατο
346 1740 437 1792 καὶ
476 1745 550 1811 τῷ
586 1735 824 1808 δευτέρῳ
864 1737 1139 1807 προσώπῳ
1179 1735 1420 1805 ἐλήλυτε.
1483 1737 1585 1789 οὐκ
1625 1738 1730 1806 άρα
1766 1741 1871 1790 οὐν

177 1830 269 1882 διὰ
315 1829 374 1881 τὸ
423 1828 620 1895 κοινὴν
664 1828 736 1895 μὴ
783 1833 964 1878 ποιεῖν
1006 1825 1067 1878 τὸ
1107 1828 1188 1894 θμ
1236 1825 1264 1878 ὁ
1313 1828 1586 1895 Κρατῖνος
1634 1825 1870 1893 ἀπέβαλε

175 1919 236 1971 τὸ
280 1923 324 1970 θ
361 1925 461 1970 τοῦ
501 1914 832 1984 ἐλήλυθμεν,
872 1914 1042 1967 εἰπὼν
1081 1915 1141 1967 τὸ
1181 1913 1466 1983 ἐλήλυμεν.
1893 1937 1937 1968 20

289 2006 363 2078 (7,
390 2003 483 2076 15)
530 2006 719 2070 Τρίτος
767 2005 825 2056 δέ
874 2005 978 2056 ἐςτι
1025 2004 1249 2068 τρόπος,
1299 2004 1430 2057 ὅταν
1482 2008 1702 2070 βραχεῖα
1749 2007 1867 2057 ςυλ-

176 2091 312 2154 λαβὴ
359 2089 537 2151 τελικὴ
586 2088 780 2140 λέξεως
819 2087 873 2154 ᾖ,
923 2087 990 2150 μὴ
1040 2087 1450 2151 ἐπιφερομένων
1489 2090 1599 2138 τῶν
1639 2090 1732 2150 τῆς
1773 2104 1867 2150 μα-

175 2174 304 2236 κρᾶς
343 2172 633 2234 ποιητικῶν
674 2169 993 2232 ςυμφώνων,
1035 2167 1151 2219 ἀλλ>
1188 2168 1305 2231 ἤτοι
1347 2168 1468 2220 ἑνὸς
1507 2169 1538 2232 ἢ
1581 2167 1698 2233 μηδ’
1732 2168 1868 2220 ἑνός.

288 2333 476 2398 Τρίτος
523 2333 582 2384 δέ
631 2333 735 2384 ἐςτι
781 2333 1004 2396 τρόπος,
1053 2331 1185 2384 ὅταν
1235 2334 1456 2396 βραχεῖα
1503 2332 1733 2395 ςυλλαβὴ
1785 2332 1867 2383 λε’-
1895 2353 1935 2384 25

176 2419 308 2469 ξεως
347 2415 378 2483 ᾗ
419 2414 612 2477 τελική,
654 2415 721 2478 μὴ
763 2413 1158 2477 ἐπιφερομένου
1199 2413 1344 2465 τινὸς
1384 2415 1493 2464 τῶν
1533 2415 1626 2475 τῆς
1667 2415 1868 2476 μακρᾶς

298 2563 322 2601 2
356 2558 417 2601 id.
452 2558 646 2614 exempl.
675 2562 772 2608 179,
792 2562 817 2600 6

298 2682 323 2720 2
355 2674 624 2734 ρυθμῶν-
643 2682 670 2719 4
703 2676 969 2732 μανθάνειν
995 2689 1082 2719 om.
1107 2676 1152 2720 U
1167 2677 1183 2733 ΙΙ
1208 2679 1233 2718 5
1266 2677 1313 2720 et
1339 2680 1362 2718 7
1389 2675 1529 2719 πάλιν
1555 2689 1641 2719 om.
1663 2676 1719 2719 K
1740 2676 1745 2732 Ι
1775 2680 1800 2718 6
1826 2674 1870 2719 τί

179 2735 232 2780 ὁέ
263 2733 312 2792 μ’
340 2734 623 2792 ὠφελήσουσ’
653 2736 890 2791 Aristoph.
916 2737 930 2807 ΙΙ
955 2739 980 2778 8
1015 2732 1236 2779 ἐπαΐονθ’
1268 2734 1501 2790 Arisssoph.
1528 2736 1542 2791 ΙΙ
1570 2740 1620 2777 11
1655 2734 1784 2788 παρὰ
1817 2733 1869 2779 δε

184 2793 416 2850 Κρατίνου
449 2797 511 2848 Κ,
555 2795 660 2850 περὶ
694 2796 744 2840 δὲ
776 2794 1014 2849 Κρατίνου
1047 2793 1190 2838 Gaisf.
1220 2795 1226 2850 Ι
1255 2795 1310 2838 οὐ
1344 2794 1450 2837 add.
1479 2791 1605 2838 Caes.
1631 2796 1646 2849 ΙΙ
1673 2799 1725 2837 12
1759 2793 1867 2852 γὰρ]

179 2854 231 2898 δὲ
263 2855 307 2898 U
343 2857 349 2911 Ι
391 2853 520 2910 παρὰ
547 2851 836 2912 Ἐπιχάρμῳ]
870 2853 1072 2897 debebat
1104 2853 1325 2906 scribere,
1359 2855 1406 2896 et
1437 2852 1634 2896 fortasse
1667 2853 1868 2909 scripsit,

178 2910 294 2968 παρ’
314 2911 379 2972 Αχ
384 2916 471 2971 αιῷ
495 2915 509 2968 ΙΙ
536 2917 589 2956 13
614 2913 697 2969 τὴν
722 2913 905 2971 χρῆσιν]
931 2912 959 2968 ἡ
985 2911 1036 2956 δε
1062 2918 1223 2970 χρῆσις
1240 2914 1295 2958 Κ
1293 2914 1326 2984 ΙΙ
1354 2917 1406 2955 16
1431 2920 1606 2967 πρῶτοι
1625 2913 1679 2956 K
1697 2918 1710 2968 ΙΙ
1737 2917 1790 2955 17
1809 2912 1870 2962 ὡς

178 2988 248 3022 τις
279 2931 379 3029 ΠΙΙχ
379 2977 435 3015 20
469 2972 755 3028 ἐληλύθημεν
787 2973 831 3016 U
853 2975 858 3026 Ι
888 2971 938 3015 τὸ
971 2986 1058 3015 om
1085 2973 1171 3028 ΚΙΙ
1196 2976 1251 3014 26
1285 2967 1332 3031 ᾖ]
1367 2971 1460 3015 ἐστι
1492 2973 1548 3016 Κ
