2060 3168
224 183 331 236 302
815 187 1047 228 ΣΧοΛΙΑ
1076 187 1113 227 Β
1148 184 1244 242 (lib.
1264 184 1322 241 v>

318 317 551 387 Ὄγδοος
582 320 610 373 6
642 320 1179 388 παλιμβάκχειος,
1211 320 1387 391 τούτῳ
1420 319 1808 389 ἀντικείμενος,
1849 320 1906 374 ἐκ

222 403 324 455 δύο
380 411 603 470 μακρῶν
657 402 746 453 καὶ
801 403 1079 470 βραχείας,
1135 400 1278 453 οὕτω
1333 400 1662 469 κεκλημένος
1708 403 1800 454 διὰ
1845 403 1905 454 τὸ

221 483 586 550 ἀντίστροφος
624 477 767 535 εἶναι
806 488 880 554 τῷ
914 483 1170 552 βακχείῳ·
1210 481 1238 534 6
1278 482 1368 534 καὶ
1402 483 1719 552 Διονύσιος,
1758 484 1906 536 καθὰ
1939 493 1994 532 29

219 563 309 617 καὶ
351 565 513 627 αὐτὸς
551 564 689 633 πρὸς
728 564 793 615 τὰ
833 563 1178 615 Διονυσιακὰ
1216 562 1349 632 μέλη
1390 566 1698 632 πεποίηται·
1747 565 1775 618 6
1816 563 1904 617 καὶ

174 647 587 715 επροσοδιακὸς
638 643 730 698 καὶ
783 645 1151 714 πομπευτικὸς
1213 645 1305 697 διὰ
1358 646 1418 698 τὸ
1475 645 1535 698 ἐν
1587 648 1906 715 προσοδίοις

218 726 413 795 ὕμνοις
469 727 611 779 οὕτω
667 725 1027 792 καλουμένοις
1081 724 1170 778 καὶ
1226 725 1287 778 έν
1339 735 1457 789 ταῖς
1507 732 1907 789 Διονυσιακαῖς

219 817 459 874 πομπαῖς
500 807 804 875 ἐπιτήδειος
843 802 1000 860 εἶναι.

330 889 376 940 6.
427 893 548 941 Ίῶν
588 889 648 941 δὲ
687 890 1231 957 τετρασυλλάβων
1266 893 1463 958 μνείαν
1497 891 1550 942 οἱ
1583 891 1904 959 σχολιογρά-

217 991 316 1039 φοι
350 971 451 1022 οὐκ
491 968 838 1037 ἐποιήσαντο·
880 971 972 1022 διὰ
1003 979 1166 1023 τοῦτο
1201 969 1332 1024 οὐδὲ
1372 972 1524 1039 ἡμεῖς
1562 972 1738 1023 πολλὰ
1777 971 1900 1040 περὶ

150 1075 192 1106 10
217 1052 400 1104 αὐτῶν
447 1057 892 1119 φιλοκρινοῦμεν.
969 1051 1099 1114 τέως
1147 1051 1289 1105 εἰσὶν
1337 1048 1506 1105 οὗτοι.
1556 1084 1625 1089 —-
1677 1056 1905 1121 Πρῶτος

218 1134 246 1186 6
286 1135 950 1201 προκελευσματικός,
991 1133 1135 1185 οὕτω
1172 1135 1509 1202 καλούμενος
1542 1134 1726 1202 ἐπειδὴ
1759 1142 1903 1199 πρῶ-

216 1218 307 1277 τός
347 1214 461 1266 ἐστι
493 1223 605 1266 τῶν
638 1215 866 1282 διπλῶν,
908 1214 965 1266 ἐκ
997 1215 1280 1283 τεσσάρων
1310 1217 1598 1284 βραχειῶν,
1632 1215 1904 1276 σύνθετος

216 1297 294 1348 ὢν
349 1295 407 1348 ἐκ
462 1297 563 1348 δύο
617 1298 939 1364 πυρριχίων.
996 1327 1064 1332 —
1120 1297 1395 1366 Δεύτερος
1450 1296 1477 1349 6
1533 1296 1903 1362 ἀντικείμενος

215 1378 361 1450 αὐτῷ
405 1379 437 1429 δ
450 1378 850 1445 ισπόνδειος,
899 1376 958 1429 ἐκ
1004 1378 1284 1447 τεσσάρων
1331 1387 1579 1447 μακρῶν,
1634 1379 1902 1439 σύνθετος

147 1479 189 1511 15
215 1459 294 1511 ὢν
348 1457 408 1511 ἐκ
463 1459 565 1511 δύο
626 1460 948 1511 σπονδείων.
1001 1490 1074 1495 -
1133 1461 1324 1528 Τρίτος
1378 1459 1406 1512 6
1463 1460 1789 1527 διίαμβος,
1844 1457 1902 1510 ἐκ

212 1542 467 1609 βραχείας
506 1539 596 1592 καὶ
637 1548 846 1609 μακρᾶς
885 1539 974 1592 καὶ
1006 1542 1263 1609 βραχείας
1302 1540 1391 1593 καὶ
1431 1548 1656 1610 μακρᾶς,
1697 1541 1900 1593 σύνθε-

211 1642 303 1684 τος
350 1623 427 1674 ὢν
474 1621 533 1674 ἐκ
581 1623 682 1674 δύο
733 1622 967 1688 ἰάμβων·
1020 1621 1048 1674 6
1097 1623 1186 1674 καὶ
1233 1623 1581 1690 παράλληλος
1629 1624 1823 1690 ἴαμβος
1869 1622 1900 1690 ἢ

214 1705 435 1771 ἰαμβικὴ
468 1703 816 1756 ταύτοποδία.
848 1735 922 1740 -
962 1703 1227 1773 Τέταρτος
1259 1703 1287 1756 6
1321 1703 1693 1770 ἀντικείμενος
1723 1703 1899 1773 τούτῳ

213 1785 616 1854 διτρόχαιος,
668 1784 726 1836 ἐκ
764 1793 974 1852 μακρᾶς
1011 1786 1101 1837 καὶ
1140 1786 1396 1855 βραχείας
1434 1783 1523 1837 καὶ
1562 1793 1770 1854 μακρᾶς
1808 1783 1898 1836 καὶ

146 1886 188 1918 20
211 1869 491 1934 βραχείας,
549 1865 577 1918 6
632 1865 722 1918 καὶ
778 1867 1030 1934 κρητικὸς
1082 1865 1173 1919 καὶ
1229 1868 1500 1935 διχόρειος
1553 1865 1584 1933 ἢ
1640 1866 1896 1935 τροχαῑκὴ

211 1947 559 2000 ταύτοποδία.
599 1978 671 1984 ——
713 1946 969 2013 Πέμπτος
1010 1947 1037 2000 6
1079 1947 1187 2000 ἀπ’
1218 1947 1573 2009 ἐλάσσονος
1614 1948 1897 2014 ἰωνικός,

211 2027 270 2081 ἐκ
325 2029 427 2081 δύο
482 2030 755 2097 βραχειῶν
801 2029 889 2081 καὶ
938 2030 1040 2081 δύο
1087 2038 1335 2098 μακρῶν,
1391 2029 1660 2090 σύνθετος
1715 2029 1792 2080 ὢν
1841 2027 1897 2080 ἐκ
1931 2031 2051 2089 (135)

209 2113 506 2179 πυρριχίου
546 2109 637 2162 καὶ
679 2111 995 2177 σπονδείου,
1038 2110 1065 2163 6
1107 2109 1196 2162 καὶ
1232 2110 1580 2171 ὑποκύκλιος.
1613 2107 1897 2171 -““Έκτος

210 2190 238 2243 6
287 2191 406 2244 ἀπὸ
461 2193 758 2258 μείζονος
815 2193 1101 2258 ἰωνικός,
1157 2191 1530 2260 ἀντικείμενος
1580 2191 1783 2261 τούτω,
1837 2189 1895 2242 ἐκ

143 2293 185 2325 25
212 2273 313 2325 δύο
353 2282 576 2342 μακρῶν
615 2271 704 2325 καὶ
747 2273 849 2324 δύο
897 2275 1193 2341 βραχειῶν,
1242 2273 1300 2324 ἐκ
1338 2282 1449 2324 τῶν
1488 2273 1670 2324 αὐτῶν
1708 2272 1896 2324 ποδῶν

209 2354 482 2406 ἀνάπαλιν
524 2356 898 2422 συγκείμενος·
942 2355 969 2407 6
1010 2353 1100 2406 καὶ
1140 2356 1431 2422 Περσικός·
1474 2353 1691 2414 ἰωνικὸς
1725 2349 1895 2420 <μὲν>

211 2435 293 2487 ὅτι
335 2437 387 2488 οἱ
412 2435 598 2498 Ἴωνες
639 2436 786 2506 αὐτῷ
826 2435 1135 2504 ἐκέχρηντο,
1175 2436 1451 2502 Περσικὸς
1490 2435 1550 2486 δὲ
1587 2434 1678 2486 διὰ
1708 2434 1767 2484 τὸ
1801 2434 1894 2494 τὰς

211 2517 453 2582 ἱστορίας
492 2517 586 2578 τὰς
620 2518 895 2584 Περσικὰς
934 2518 1108 2587 τούτῳ
1142 2523 1218 2586 τῷ
1257 2515 1433 2585 μέτρω
1466 2515 1796 2583 γεγράφθαι.
1821 2545 1893 2550 -

211 2593 481 2665 ’Έβδομος
530 2598 557 2650 6
607 2597 1067 2665 ἀντίσπαστος,
1120 2596 1179 2650 ἐκ
1217 2597 1489 2666 βραχείας,
1530 2596 1631 2647 δύο
1669 2604 1893 2661 μακρῶν

328 2724 352 2761 8
387 2720 734 2778 σχολιογράφοι]
769 2720 825 2765 cf.
861 2735 966 2777 app.
1003 2721 1136 2764 Dion.
1169 2736 1214 2777 p.
1241 2725 1340 2774 331,
1368 2724 1392 2762 5
1427 2719 1531 2762 adn.
1566 2720 1613 2761 et
1645 2722 1743 2770 334,
1770 2722 1794 2760 6

328 2821 352 2858 5
385 2815 697 2868 προσοδιακός
728 2816 881 2870 Tum,
922 2816 1244 2872 προποδιακός
1279 2817 1325 2859 Y
1375 2819 1379 2871 Ι
1438 2812 1706 2869 προσοδίοις
1737 2814 1890 2866 Turn„

207 2873 393 2925 ποδίοις
426 2876 471 2917 Y
496 2878 509 2931 ΙΙ
544 2880 566 2917 7
600 2875 862 2929 ἐπιτήδειον
897 2877 943 2919 Y
974 2879 988 2933 ΙΙ
1027 2882 1052 2920 8
1085 2875 1396 2933 τρισυλλάβων
1427 2875 1454 2917 k
1484 2877 1498 2930 Η
1530 2877 1584 2915 29
1620 2872 1772 2931 <καὶ>
1806 2873 1888 2917 δύο

207 2933 358 2986 Turn„
395 2934 450 2976 ef.
479 2939 576 2986 303,
597 2940 730 2978 3.17.
758 2939 812 2977 29
