2060 3168
180 1077 223 1108 10

180 1482 221 1514 15

180 1888 223 1918 20

184 2292 225 2324 25

245 188 355 239 212
700 188 1010 230 ΓΕΩΡΓΙΟΤ
1041 189 1479 231 ΧοῖΡοΒοΣΚοΤ

244 323 374 376 ποδὶ
415 322 720 391 ι’σουμένης.
798 325 1115 391 γνωρίζεται
1156 320 1214 374 δὲ
1256 323 1283 375 6
1331 320 1433 389 μὲν
1470 325 1609 386 ποὺς
1647 333 1764 386 ταῖς
1804 328 1933 376 συλ-

246 407 453 472 λαβαῖς,
493 405 558 456 τὰ
599 402 660 457 δὲ
697 403 866 473 μέτρα
905 413 1020 466 τοῖς
1057 401 1225 456 ποσὶν
1257 402 1289 471 ἢ
1321 413 1440 466 ταῖς
1471 405 1676 471 βάσεσι.
1730 404 1932 472 μέτρον

246 484 311 538 δέ
363 485 476 538 ε’στι
529 487 721 538 ποδῶν
776 484 1098 554 ὡρισμένων
1150 486 1280 538 ποιὰ
1337 485 1592 549 σύνταξις
1644 487 1779 538 κατὰ
1833 487 1934 554 τὴν

245 567 490 635 φυσικὴν
538 569 876 636 συμμετρίαν
922 583 1037 628 πως
1082 565 1191 618 ὑπὸ
1238 575 1351 618 τῶν
1389 574 1487 619 τοῦ
1537 569 1704 635 λόγου
1752 577 1935 636 μερῶν

247 647 616 717 ἀφωρισμένη.
650 679 723 685 -
758 646 956 700 Ἰστέον
996 644 1057 699 δὲ
1089 647 1172 699 ὅτι
1205 646 1309 700 ἀπὸ
1343 648 1701 710 δισυλλαβίας
1740 647 1840 710 ἕως
1879 646 1933 711 ἓξ

247 731 539 796 συλλαβῶν
569 736 898 797 μετροῦνται
924 730 975 780 οἱ
1007 730 1186 790 πόδες.
1234 727 1325 780 καὶ
1359 726 1510 781 ἔστιν
1535 729 1719 782 αὐτῶν
1742 738 1935 798 μετρῆ-

247 824 338 862 σαι
377 811 478 878 τὴν
516 813 814 878 ποσότητα,
855 811 926 872 ὥς
964 829 1110 872 τινες
1149 810 1285 878 φασὶ
1325 819 1436 863 τῶν
1473 820 1761 879 τεχνικῶν,
1799 812 1934 863 κατὰ

248 891 666 958 διπλασιασμόν.
754 890 858 943 εἰσὶ
913 892 1018 961 γὰρ
1075 892 1400 959 δισύλλαβοι
1452 891 1617 944 ἁπλοῖ
1661 891 1934 959 τέσσαρες,

247 972 531 1025 τουτέστιν
571 971 599 1025 6
641 973 933 1034 σπονδεῖος
972 973 1060 1025 καὶ
1095 972 1123 1026 6
1156 975 1461 1043 πυρρίχιος,
1501 972 1530 1025 6
1563 981 1814 1042 τροχαῖος
1844 973 1934 1025 καὶ

248 1052 275 1106 ὁ
319 1055 525 1120 ἴαμβος.
593 1050 747 1106 οὗτοι
788 1053 849 1106 δὲ
889 1053 1379 1123 ἀντιστρεφόμενοι
1411 1053 1681 1122 ἀλλήλους
1711 1062 1935 1107 ποιοῦσι

247 1138 484 1206 κυκλικῷ
528 1137 772 1203 σχήματι.
849 1142 948 1187 τοῦ
997 1135 1100 1203 γὰρ
1149 1138 1409 1204 τροχαίου
1460 1134 1853 1204 μετατιθεμένη
1901 1134 1933 1203 ἡ

249 1216 428 1284 μακρὰ
467 1217 566 1268 τὸν
606 1218 806 1284 ἴαμβον
847 1215 1097 1268 ἀποτελεῖ
1134 1214 1226 1267 καὶ
1265 1213 1498 1284 ἔμπαλιν
1529 1217 1561 1285 ἡ
1593 1224 1692 1268 τοῦ
1734 1216 1935 1283 ἰάμβου

247 1297 344 1349 τὸν
391 1305 676 1366 τροχαῖον,
726 1295 817 1349 καὶ
865 1298 920 1349 αἱ
965 1305 1065 1349 τοῦ
1111 1298 1410 1349 σπονδείου
1449 1298 1648 1366 μακραὶ
1689 1299 1766 1359 εἰς
1804 1300 1936 1367 βρα-

246 1387 400 1446 χεῖαν
447 1378 544 1430 τὸν
591 1380 909 1447 πυρρίχιον,
965 1376 1055 1430 καὶ
1102 1375 1336 1444 ἔμπαλιν
1382 1379 1437 1431 αἱ
1492 1386 1589 1431 τοῦ
1638 1381 1934 1448 πυρριχιόυ

247 1462 495 1528 βραχεῖαι
537 1460 614 1521 εἰς
651 1460 866 1527 μακρὰν
903 1460 1003 1512 τὸν
1043 1461 1354 1512 σπονδεῖον.
1432 1461 1574 1513 εἰσὶν
1614 1457 1718 1514 οὖν
1749 1461 1936 1513 δισύλ-

248 1543 406 1608 λαβοι
446 1550 557 1593 τῶν
606 1541 794 1593 ἁπλῶν
844 1541 1011 1602 πόδες
1056 1540 1326 1610 τέσσαρες.
1405 1535 1519 1594 εἶτα
1565 1543 1700 1594 κατὰ
1748 1541 1936 1594 ἀναδι-

247 1622 593 1690 πλασιασμὸν
638 1622 996 1689 τρισύλλαβοι
1045 1621 1210 1690 ὀκτώ,
1259 1623 1331 1685 ὡς
1379 1622 1407 1675 6
1459 1625 1700 1691 τεχνικός
1752 1638 1935 1691 φησιν.

247 1704 415 1755 πάλιν
454 1704 589 1755 κατὰ
630 1703 1142 1770 ἀναδιπλασιασμὸν
1176 1713 1288 1756 τῶν
1327 1705 1538 1756 διπλῶν
1576 1705 1936 1772 τετρασύλλα-

249 1787 337 1852 βοι
372 1804 420 1843 ις
433 1782 463 1851 ’,
495 1785 937 1852 πεντασύλλαβοι
970 1780 1071 1851 μὲν
1096 1782 1203 1852 λβ’,
1238 1782 1598 1852 έξασύλλαβοι
1631 1786 1692 1838 δὲ
1720 1783 1935 1853 ἑξηκον-

247 1865 596 1934 τατέσσαρες,
653 1866 790 1917 ὥστε
846 1858 986 1917 εἶναι
1040 1867 1169 1927 τοὺς
1222 1866 1428 1929 πάντας
1482 1866 1620 1935 ὁμοῦ
1677 1864 1814 1935 ρκδ’.
1865 1898 1934 1903 —

244 1943 422 1998 Ἄλλοι
474 1945 533 1998 δ’
572 1948 748 2008 ἄλλως
793 1949 1153 2015 ψηφίζουσιν,
1200 1948 1337 1999 ὥστε
1383 1946 1469 2000 καὶ
1522 1950 1750 2000 πλείονα
1790 1949 1936 2017 φθά-

248 2047 381 2079 νειν.
459 2030 588 2089 τοὺς
628 2029 730 2096 γὰρ
774 2027 988 2079 δώδεκα
1028 2026 1260 2095 ἁπλοῦς,
1300 2028 1551 2081 τουτέστι
1590 2031 1719 2090 τοὺς
1759 2027 1814 2080 δ’
1855 2030 1937 2081 δι-

249 2109 559 2176 συλλάβους
615 2108 703 2160 καὶ
760 2108 898 2160 ὀκτὼ
946 2110 1371 2177 τρισυλλάβους,
1428 2110 1723 2172 δωκεκάκις
1767 2114 1935 2162 πολυ-

247 2190 627 2253 πλασιάζουσι·
692 2190 991 2252 δωδεκάκις
1053 2186 1157 2243 οὖν
1221 2192 1433 2244 δώδεκα
1487 2194 1737 2260 γίνονται
1792 2190 1935 2261 ρμδ’.

250 2269 338 2322 καὶ
380 2271 553 2332 οὕτως
594 2272 646 2323 οἱ
684 2272 809 2341 περὶ
841 2265 1008 2340 Ὦρον
1047 2273 1135 2323 καὶ
1178 2275 1461 2341 Λογγῖνον
1499 2272 1779 2341 ἐψήφιζον.

368 2406 392 2443 2
427 2399 611 2458 μέτρον]
646 2401 786 2444 schol.
819 2402 868 2444 in
900 2402 1032 2444 Dion.
1060 2402 1165 2445 Thr.
1193 2407 1294 2456 449,
1315 2407 1339 2445 6
1365 2404 1379 2458 ΙΙ
1405 2407 1459 2445 10
1485 2402 1634 2458 Heph.
1657 2403 1710 2446 fr.
1737 2403 1780 2445 II
1802 2418 1848 2459 p.
1866 2407 1934 2458 77,

253 2462 410 2516 7.1311
437 2465 490 2503 25
524 2460 693 2503 schol.¹³
722 2460 817 2517 (lib.
837 2461 894 2517 V)
921 2466 990 2516 27,
1012 2467 1094 2504 1—
1101 2466 1168 2504 13.
1218 2462 1303 2504 An.
1324 2461 1427 2505 vat.
1456 2461 1547 2504 AV
1575 2466 1642 2515 99,
1665 2467 1716 2505 16
1733 2476 1829 2517 sqq.

369 2582 394 2619 3
428 2578 659 2652 σύνταξις]
693 2578 906 2628 σύντασις
938 2579 1030 2633 K¹,
1063 2579 1282 2629 σύνθεσις
1314 2579 1394 2623 K²
1439 2581 1452 2635 ΙΙ
1499 2585 1525 2622 4
1558 2579 1648 2622 ὑπὸ
1682 2586 1763 2623 τοῦ
1796 2578 1934 2636 λόγου

250 2644 341 2680 τῶν
378 2638 451 2693 ΠΙ]
477 2642 501 2679 5
536 2635 803 2680 ἰστέον-6
836 2635 995 2695 πόδες]
1029 2645 1302 2694 μετροῦνται
1334 2638 1384 2681 δὲ
1418 2637 1461 2682 οἱ
1491 2637 1633 2689 πόδες
1664 2638 1757 2682 ἀπὸ
1782 2640 1935 2682 δισυλ-

251 2693 415 2752 λαβίας
448 2694 530 2745 ε’ως
556 2695 600 2747 ἓξ
629 2697 865 2753 συλλαβῶν
890 2698 944 2740 Κ
962 2699 975 2752 ΙΙ
1001 2701 1026 2738 8
1059 2696 1623 2751 Ϋο1·1;.ἀναδιπλασιασμὸν
1646 2698 1660 2753 ΙΙ
1686 2702 1710 2739 9
1737 2698 1816 2740 καὶ
1834 2700 1934 2754 (pr.)

252 2768 338 2796 om
353 2755 404 2796 K
424 2756 514 2810 1110
542 2754 564 2797 ὁ
590 2769 676 2797 om.
697 2755 764 2810 ΠΙΙ
784 2759 838 2797 14
863 2754 931 2813 αἱ]
958 2756 985 2811 ἡ
1004 2756 1140 2812 U2]15
1167 2757 1359 2813 βραχεῖα
1379 2757 1593 2829 Ulllsssl‘ae'
1621 2758 1667 2799 et
1693 2760 1746 2798 18
1773 2758 1935 2799 διπλα-

252 2813 444 2867 σιασμὸν
464 2815 605 2869 Κ1119
626 2814 708 2868 μὲν
735 2815 781 2856 et
806 2812 855 2857 δε
874 2828 960 2856 om.
978 2816 1052 2870 ΚΙΙ
1068 2820 1121 2857 ’20
1140 2816 1277 2870 (bg-Ul!
1296 2820 1347 2857 21
1369 2814 1512 2864 ἄλλως
1536 2813 1586 2858 δὲ
1607 2815 1667 2870 U
1689 2813 1935 2865 πλείονας-ἱ)

252 2871 438 2914 Wilam.
466 2874 479 2928 ΙΙ
504 2874 632 2928 21β22
661 2871 867 2927 φθάνειν
887 2874 940 2916 K
961 2877 1031 2929 (Ξ
1055 2873 1190 2924 effici,
1214 2874 1383 2929 colligi.
1403 2873 1625 2927 Wilam)‚
1653 2874 1853 2929 φθάζειν
1875 2875 1933 2928 U·

253 2932 473 2985 ἀριθμεῖν
492 2930 780 2974 Schoemann
801 2934 814 2987 ΙΙ
836 2936 890 2974 23
915 2934 1022 2987 post
1048 2932 1303 2982 δωδεκάκις
1328 2932 1433 2975 add.
1459 2932 1547 2989 γὰρ
1566 2933 1633 2988 ΠΗ
1651 2937 1706 2975 24
1732 2935 1760 2976 ὃ
1784 2947 1870 2975 om.
1887 2909 1942 2976 K
