2060 3168
133 176 136 181 ’
179 175 288 227 254
548 175 857 217 ΓΕῼΡΓΙΟΤ
887 175 1326 217 ΧΟΙΡΟΒΟΣΚΟΤ
1358 176 1501 217 X1V2

179 312 459 375 (παετικὴν
501 311 622 375 ἔχει,
666 311 733 361 τὰ
773 312 832 362 δὲ
872 309 1271 374 λοιπὰ,,ὁμοίωε
1309 315 1384 379 τῷ
1427 309 1696 380 (απφικῷ.
1774 312 1862 364 καὶ

177 400 338 444 τοῦτο
385 392 534 444 πάνυ
581 389 694 443 ἐστὶ
743 389 926 458 σαφές.
1003 387 1112 458 ἔχει
1160 391 1263 458 γὰρ
1310 390 1408 442 τὸν
1447 399 1665 459 πρῶτον
1703 391 1861 460 πόδα,
1896 400 1952 440 88

176 474 353 540 ἤγουν
405 474 507 540 τὴν
561 475 851 539 συζυγίαν,
907 470 960 534 ἐξ
1008 470 1436 524 ἀντισπαστικοῦ
1485 475 1862 540 συγκείμενον,

179 553 486 624 (τουτέστιν
524 554 584 606 τὸ
626 553 879 605 ἐναντίον
917 560 1016 605 τοῦ
1057 552 1380 621 χοριάμβου,
1424 554 1862 623 ιάμβοτρόχαιον,

134 634 236 688 ὅέκ
282 637 536 704 βραχείας
583 634 672 686 καὶ
721 634 822 686 δύο
870 643 1096 702 μακρῶν
1143 631 1230 685 καὶ
1279 635 1535 702 βραχείας
1580 636 1862 702 συγκείμε-

177 713 319 786 vom)
367 717 497 777 τοὺς
545 711 603 767 δὲ
649 713 768 782 ἑξῆς
808 714 1009 783 ὁμοίως
1048 719 1120 786 τῷ
1160 713 1537 786 προειρημένῳ
1579 719 1863 787 Σαπφικῷ.

177 795 266 849 καὶ
307 795 611 865 παραφέρει
651 797 1062 865 παραδείγματα
1103 789 1225 848 οἷον
1265 794 1495 867 (44,17)

326 877 354 930 ὁ
394 876 735 945 μουσαγέτας
773 897 838 945 με
877 881 1031 930 καλεῖ
1069 885 1330 947 χορεῦσαι

177 958 266 1011 καὶ
305 959 474 1011 πάλιν

112 1062 153 1093 10
327 1042 480 1109 ἄγοις
521 1036 561 1091 ὦ
601 1041 772 1092 κλυτὰ
811 1040 1130 1110 θεράποντα
1169 1043 1355 1094 Λατοῖ.

175 1123 240 1174 τὰ
288 1122 348 1174 δὲ
396 1122 558 1174 λοιπὰ
605 1122 782 1174 πάντα
829 1130 978 1190 σαφῆ
1027 1124 1132 1174 εἰσι
1179 1121 1269 1175 καὶ
1318 1123 1516 1191 σχεδὸν
1564 1121 1863 1192 ἐξηγήσεως

175 1205 246 1271 μὴ
289 1204 535 1270 δεόμενα.

294 1368 319 1406 3
353 1363 437 1420 τὴν
471 1363 728 1423 <πρώτην>
763 1363 892 1409 Stud.
941 1366 955 1421 ΙΙ
1003 1369 1026 1407 7
1061 1363 1303 1420 περιφέρει
1336 1365 1391 1408 Κ
1442 1364 1448 1423 Ι
1505 1362 1861 1422 παραδείγματα

177 1419 296 1480 οἷον]
329 1423 467 1466 τὸ...
503 1424 556 1466 K
575 1425 588 1480 Η
613 1426 638 1466 8
673 1423 746 1480 με]
781 1439 857 1479 μοι
890 1425 945 1468 K
963 1426 977 1481 ΙΙ
1003 1427 1057 1467 10
1090 1423 1218 1480 ἄγεις
1249 1425 1304 1468 K
