2060 3168
90 1732 142 1771 61

726 205 793 244 111
810 215 838 246 ε.
857 215 877 247 a
910 204 1053 244 ΠΕΡΙ
1086 202 1299 244 ΠΟΔῼΝ
1753 201 1859 253 217

174 337 369 404 ὕμνοις
416 337 559 390 οὕτω
615 337 976 404 καλουμένοις
1026 338 1117 390 καὶ
1165 335 1225 389 ἐν
1270 345 1389 399 ταῖς
1434 345 1676 406 πομπαῖς
1722 330 1863 390 εἶναι

175 428 294 481 ταῖς
331 425 745 482 Διονυσιακαῖς.

288 502 563 568 Χόρειος
596 532 665 538 -
697 498 1212 569 προπαροξυτόνως,
1237 499 1310 560 ὡς
1334 496 1676 566 “Ηρωδιανὸς
1707 497 1768 551 ἐν
1799 508 1863 569 τῇ

175 583 428 634 καθόλου
464 582 635 650 φησὶν
670 613 739 619 —
774 582 803 635 ὁ
837 582 927 634 καὶ
958 582 1255 649 τρίβραχυς
1286 578 1377 632 καὶ
1409 580 1863 649 βραχυσύλλαβος

175 661 265 715 καὶ
298 662 667 731 τροχαῖος,.ἐκ
704 672 874 733 τριῶν
912 665 1202 731 βραχειῶν,
1240 664 1579 732 [τρίχρονοςΓ
1655 663 1866 730 χόρειος
1913 682 1931 714 5

175 743 276 810 μὲν
308 740 428 810 οὗν,
462 745 546 797 ὅτι
577 745 715 813 πρὸς
746 746 811 797 τὰ
843 745 1035 813 χορικὰ
1066 742 1200 812 μέλη
1232 744 1495 805 πολλάκις
1520 743 1866 810 λαμβάνεται.

175 827 474 894 τρίβραχυς
529 823 588 878 δὲ
644 827 738 878 διὰ
783 826 844 878 τὸ
894 824 953 878 ἐκ
998 834 1169 895 τριῶν
1217 827 1491 894 βραχειῶν
1537 830 1866 891 συγκεῖσθαι

181 904 265 973 [ἐν
325 907 750 977 τρισυλλάβοις].
842 907 1298 976 βραχυσύλλαβος
1359 903 1419 958 δὲ
1482 906 1555 968 ὡς
1611 909 1867 976 βραχείας

176 990 317 1056 ἔχων
354 989 449 1051 τὰς
488 989 664 1052 πάσας
704 988 995 1056 συλλαβάς.
1070 996 1325 1057 τροχαῖος
1356 987 1434 1055 δέ,
1474 986 1662 1056 ἐπειδὴ
1695 986 1724 1040 ὁ
1759 991 1866 1040 Σο-

176 1074 386 1138 φοκλῆς
425 1068 487 1122 ἐν
525 1077 599 1142 τῷ
638 1071 869 1141 Θαμύρᾳ
908 1068 995 1141 (fr.
1027 1067 1159 1140 219)
1201 1067 1338 1138 φησὶ
1890 1089 1932 1120 10

325 1153 580 1220 πρόποδα
619 1151 803 1218 μέλεα’
842 1151 908 1204 τά
949 1150 1000 1204 δ’
1037 1151 1140 1203 ὅσα
1178 1151 1420 1219 κλύομεν

323 1235 570 1302 τρόχιμα,
610 1234 831 1300 βάσιμα,
872 1231 1068 1302 χέρεσι,
1109 1233 1319 1285 πόδεσι.

286 1316 658 1380 Μολοσσός,
705 1313 733 1366 ὁ
780 1313 871 1366 καὶ
917 1317 1237 1383 τρίμακρος,
1284 1311 1363 1383 ιἐκ
1408 1323 1578 1381 τριῶν
1623 1322 1865 1381 μακρῶν,

178 1393 503 1466 ἑξάχρονος,
557 1399 801 1448 καλεῖται
832 1395 892 1448 δὲ
925 1397 1195 1464 μολοσσὸς
1228 1397 1319 1448 διὰ
1349 1396 1410 1448 τὸ
1443 1393 1696 1464 μέγιστος
1726 1389 1866 1447 εἶναι

176 1476 401 1529 πάντων
433 1486 543 1529 τῶν
583 1477 772 1528 ἁπλῶν
810 1478 1000 1529 ποδῶν
1037 1475 1128 1529 καὶ
1167 1479 1439 1546 μήκιστος.
1509 1478 1638 1538 τοὺς
1670 1472 1731 1528 δὲ
1769 1496 1865 1544 μη-
1895 1495 1933 1527 15

176 1563 398 1620 κίστους
435 1559 495 1611 τὸ
535 1558 770 1610 παλαιὸν
806 1561 1118 1625 μολοσσοὺς
1157 1557 1416 1625 ἐκάλουν,
1461 1558 1533 1620 ὡς
1574 1561 1868 1625 Σοφοκλῆς

328 1644 712 1709 μολοσσικαῖσι
750 1638 940 1709 χερσὶν
979 1638 1239 1693 ἐκτείνων
1277 1639 1444 1702 πέλας
1483 1637 1570 1710 (fr.
1599 1636 1728 1708 727)

179 1721 302 1774 ἀντὶ
341 1729 441 1774 τοῦ
480 1722 755 1789 μεγάλαις.
817 1722 870 1773 οἱ
911 1718 970 1773 δὲ
1004 1722 1096 1774 διὰ
1126 1723 1187 1774 τὸ
1220 1721 1328 1774 ὑπὸ
1362 1724 1679 1773 Μολοσσῶν
1710 1720 1867 1788 εὑρῆ-

179 1808 315 1856 σθαι
353 1812 574 1869 πρῶτον
612 1803 672 1854 τὸ
707 1797 853 1864 εἶδος
883 1811 978 1871 τῆς
1011 1803 1384 1871 ῥυθμοποιίας
1413 1802 1625 1871 ταύτης.
1689 1807 1865 1854 καλεῖ-

178 1904 266 1936 ται
307 1881 367 1936 δὲ
408 1884 621 1945 ἴππειος
659 1884 828 1936 πάλιν
867 1885 958 1936 διὰ
997 1885 1058 1936 τὸ
1097 1884 1310 1936 τέλειον
1349 1877 1490 1936 εἶναι
1530 1884 1592 1936 τὸ
1633 1886 1786 1948 ζῶον.
1892 1905 1935 1936 20

291 1966 732 2032 Τετρασύλλαβοι
788 1965 849 2017 δὲ
905 1963 1107 2028 δεκαέξ.
1186 1966 1867 2034 Προκελευσματικός,

179 2045 208 2099 ὁ
247 2047 335 2098 καὶ
372 2046 683 2113 ι’σάριθμος,
724 2045 781 2098 ἐκ
812 2048 1096 2115 τεσσάρων
1127 2049 1418 2115 βραχειῶν,
1457 2047 1866 2116 ιτετράχρονοςχ

299 2159 323 2198 3
356 2153 553 2212 χόρειος]
580 2154 635 2198 cf.
663 2153 914 2197 Herodian.
932 2155 973 2197 II
991 2159 1156 2207 606,11
1176 2157 1190 2212 ΙΙ
1209 2159 1262 2198 15
1289 2154 1506 2210 μήκιστος
1529 2154 1680 2198 Trich.
1701 2158 1835 2208 291,7
1855 2157 1868 2209 ΙΙ

179 2219 235 2257 20
269 2212 469 2271 ἴππειος]
504 2213 604 2256 Ter.
631 2213 778 2256 Maur.
796 2213 858 2256 Vl
885 2218 969 2256 367
995 2229 1034 2256 v.
1056 2219 1182 2258 1397.
1223 2215 1307 2258 An.
1334 2214 1446 2257 Bob.
1475 2214 1558 2258 GL
1588 2214 1646 2256 VI
1671 2218 1771 2267 307,
1791 2218 1867 2267 123

179 2273 318 2317 aliter
347 2275 432 2316 An.
459 2273 616 2316 Ambr.
644 2277 743 2326 229,
762 2277 818 2316 20

301 2368 323 2406 1
358 2360 648 2418 καλουμένην
684 2363 728 2407 U
762 2362 768 2416 1
806 2369 908 2412 ταῖς
938 2370 1239 2418 προπομπαῖς
1270 2363 1314 2406 U
1343 2364 1349 2419 Ι
1382 2364 1490 2419 post
1520 2369 1728 2418 πομπαῖς
1760 2361 1864 2404 add.

181 2420 443 2477 ἐπιτήδειον
464 2420 684 2479 Egenolff
705 2421 808 2464 coll.
827 2421 968 2464 schol.
973 2423 998 2448 Β
1019 2436 1062 2477 p.
1087 2426 1157 2476 29,
1177 2424 1276 2478 3113
1301 2438 1440 2475 προπ.
1454 2427 1546 2463 -4
1565 2435 1679 2478 φησι
1698 2422 1864 2476 0111.Κι

179 2488 234 2538 τῇ
276 2481 461 2536 scripsi,
502 2489 530 2537 ἡ
569 2482 624 2533 U,
669 2480 773 2523 fort.
814 2484 877 2538 τῷ
910 2488 937 2536 ἡ
990 2482 1004 2536 ΙΙ
1058 2486 1085 2523 4
1129 2479 1174 2538 ὃ]
1219 2479 1290 2525 ὅτι
1325 2483 1368 2526 U
1417 2483 1422 2537 Ι
1480 2479 1727 2551 τρίβραχυς
1769 2480 1866 2535 καὶ]

179 2537 472 2598 τρίβραχυς“
453 2557 503 2591 ος
526 2557 606 2583 και
630 2541 679 2593 U
706 2553 793 2582 om.
810 2528 862 2583 K
882 2542 896 2596 ΙΙ
922 2545 946 2582 5
972 2547 1150 2597 χορεῖος
1167 2541 1221 2584 Κ
1240 2542 1253 2596 ΙΙ
1279 2545 1303 2583 6
1329 2557 1527 2598 χοριακα
1547 2541 1608 2593 K,
1632 2538 1809 2597 χωρικὰ
1834 2541 1876 2584 U

181 2599 246 2655 (in
277 2602 384 2655 ras.)
416 2601 430 2655 ss
462 2604 487 2642 8
521 2599 571 2643 ἐν
602 2598 920 2656 τρισυλλάβως
952 2601 1034 2642 aut
1065 2599 1347 2643 secludenda
1379 2613 1478 2642 esee
1511 2601 1594 2641 aut
1626 2598 1685 2641 ad
1717 2598 1870 2648 πάσας

182 2660 318 2701 συλλα
352 2658 408 2708 ἀς
443 2658 676 2714 perbinere
708 2671 827 2702 cens.
862 2657 1080 2701 Hoersch.
1128 2661 1142 2715 ΙΙ
1191 2663 1244 2702 10
1282 2659 1479 2716 Θαμύρᾳ
1512 2671 1567 2700 ex
1599 2658 1685 2700 An.
1711 2657 1867 2700 Ambr.

180 2716 313 2760 Naue
351 2717 547 2772 ,θαμύρ
572 2719 622 2769 U,
646 2717 877 2772 θαμύριδι
897 2717 947 2759 K
966 2719 979 2773 ΙΙ
1007 2722 1058 2759 11
1085 2715 1302 2772 κλαίομεν
1328 2719 1370 2761 Ῑ
1394 2718 1399 2775 Ι
1429 2717 1488 2760 ad
1508 2723 1619 2760 11—
1627 2722 1679 2759 12
1706 2716 1762 2759 cf.
1781 2717 1866 2759 An.

180 2775 464 2831 Ambr.226‚
485 2781 536 2819 19
577 2779 591 2831 Η
630 2781 681 2819 12
715 2790 842 2833 χερσι
867 2776 909 2820 U
943 2779 957 2831 ΙΙ
998 2781 1049 2819 17
1077 2779 1390 2832 μολοσσικαῐσι
1415 2777 1501 2819 An.
1526 2776 1683 2818 Ambr.
1711 2780 1868 2829 227,1,

182 2837 428 2890 μολοσσῆσι
453 2835 584 2878 codd.
615 2838 620 2891 Ι
649 2835 808 2893 πέλας]
833 2842 990 2892 χεῖρας
1012 2836 1098 2878 An.
1114 2836 1284 2888 Ambr.,
1311 2835 1457 2884 πέδας
1479 2834 1645 2878 Nauck
1670 2837 1684 2891 ΙΙ
1711 2840 1763 2878 18
1789 2851 1868 2891 μο-

180 2894 344 2938 λοσσὸν
372 2895 445 2951 Ul}
470 2898 525 2936 20
551 2893 602 2938 δὲ
628 2908 715 2938 om.
739 2895 781 2964 U
800 2896 814 2950 ΙΙ
840 2899 893 2938 21
921 2895 1030 2938 an’ne
1060 2895 1413 2965 τετρασύλλαβοι
1446 2895 1493 2937 in
1515 2895 1558 2937 U
1578 2895 1736 2937 διπλοῖ
1757 2910 1867 2949 προ-

181 2951 524 3008 κελευσματικοί
548 2955 562 3009 Η
587 2958 641 2995 22
677 2953 720 3011 ὁ]
754 2951 780 3009 ἢ
818 2954 861 2998 U
