2060 3168
218 131 324 183 298
808 133 1042 174 ΣΧοΛΙΑ
1071 134 1108 174 Β
1141 131 1239 188 (lib.
1257 131 1316 188 V)

218 266 611 335 ἑξασύλλαβοι>
643 267 774 336 ρμδ’
804 274 1027 319 ποιοῦσι
1059 268 1189 328 τοὺς
1220 265 1546 334 συνθέτους,
1578 276 1689 320 τῶν
1714 267 1903 320 ἁπλῶν

219 349 475 415 δηλονότι
508 347 780 419 (τουτέστι
818 357 930 400 τῶν
968 348 1250 414 τεσσάρων
1289 348 1640 416 δισυλλάβων
1669 347 1759 401 καὶ
1791 358 1903 402 τῶν

219 430 357 482 ὀκτὼ
413 426 819 499 τρισυλλάβων)
874 429 946 496 μὴ
1003 428 1542 497 συναριθμουμένων
1592 429 1798 492 αὐτοῖς·
1855 431 1903 483 εἰ

216 511 321 580 γὰρ
373 515 851 579 συναριθμηθεῖεν
905 508 995 562 καὶ
1043 505 1197 562 οὗτοι
1246 509 1458 577 αὐτοῖς,
1514 511 1636 579 ρνς’
1683 508 1902 564 ἔσονται

173 612 192 644 5
218 593 269 644 οἱ
309 592 521 654 πάντες.

595 722 786 777 Ὅθεν
825 723 1259 792 ὀνομάζονται
1299 725 1509 786 πόδες.

327 842 374 893 3.
446 843 517 894 Τὸ
573 843 634 895 δὲ
686 843 752 894 τὰ
805 850 1031 895 τοιαῦτα
1085 851 1195 894 τῶν
1247 845 1541 911 συλλαβῶν
1588 846 1903 912 συστήματα

215 925 388 985 πόδας
427 923 795 992 ὀνομάζεσθαι
842 933 1222 993 μεταφορικῶς
1261 927 1508 992 εἴληπται
1550 924 1654 977 ἀπὸ
1693 935 1804 977 τῶν
1843 924 1904 978 ἐν

214 1015 329 1066 τοῖς
363 1003 519 1075 ζςόοις
550 1006 758 1073 ποδῶν,
792 1003 861 1057 δι’
891 1000 970 1057 ὧν
1001 1012 1295 1058 ποιοῦνται
1317 1006 1418 1073 τὴν
1449 1007 1681 1073 κίνησιν.
1722 1006 1902 1077 ὥσπερ

150 1107 192 1139 10
217 1087 319 1155 γὰρ
375 1087 427 1138 οἱ
482 1096 593 1138 τῶν
648 1084 793 1158 ζῴων
847 1087 1014 1148 πόδες
1071 1085 1326 1154 ἀλλήλοις
1382 1086 1749 1156 ἀντικείμενοι
1803 1087 1904 1155 τὴν

214 1169 444 1234 πορείαν
483 1167 894 1237 ἀπεργάζονται,
935 1168 1078 1220 οὕτω
1115 1165 1205 1219 καὶ
1238 1168 1290 1219 οἱ
1329 1166 1574 1235 μετρικοὶ
1613 1169 1780 1230 πόδες
1811 1168 1904 1221 ἀλ-

216 1251 402 1317 λήλοις
456 1248 899 1317 ἀντιταττόμενοι
951 1250 1053 1317 τὴν
1100 1248 1236 1301 ὁδὸν
1281 1256 1381 1301 τοῦ
1431 1251 1600 1317 λόγου
1649 1251 1903 1318 σχηματί·

218 1334 367 1394 ζουσι
415 1331 504 1383 καὶ
550 1331 651 1399 τὴν
689 1330 862 1383 αὐτοῦ
910 1332 1130 1397 κίνησιν
1175 1331 1461 1400 εὔρυθμόν
1506 1349 1564 1382 τε
1608 1332 1698 1383 καὶ
1746 1329 1902 1400 ἐναρ-

215 1414 410 1478 μόνιον
451 1410 796 1464 ἀποτελοῦσι.

149 1514 189 1546 15
325 1493 557 1561 Λέγεται
605 1493 666 1546 δὲ
711 1494 772 1545 τὸ
820 1500 919 1545 τοῦ
965 1494 1136 1555 ποδὸς
1183 1495 1356 1559 ὄνομα
1409 1491 1499 1545 καὶ
1548 1491 1634 1545 ἐπὶ
1680 1497 1903 1546 πολλῶν

215 1576 398 1627 ἄλλων
431 1572 687 1646 (λέγομεν
726 1575 829 1643 γὰρ
866 1573 1126 1642 τραπέζης
1157 1572 1352 1646 πόδας)
1386 1573 1477 1627 καὶ
1509 1573 1596 1627 ἐπὶ
1629 1576 1900 1643 πηδαλίου

213 1658 366 1724 νηός·
406 1655 497 1708 καὶ
537 1657 598 1709 τὸ
638 1664 738 1708 τοῦ
777 1655 1019 1725 ἀρμένου
1060 1652 1121 1707 δὲ
1160 1654 1422 1723 ὀξύτερον
1459 1655 1623 1724 μέρος
1661 1657 1721 1708 τὸ
1764 1658 1903 1726 πρὸς

214 1745 278 1807 τῇ
318 1736 410 1805 νηὶ
448 1740 588 1800 ποὺς
626 1737 893 1806 κέκληται.

313 1817 578 1881 ’Έκαστος
624 1818 810 1887 μέντοι
858 1828 968 1871 τῶν
1014 1818 1285 1870 τοιούτων
1331 1820 1522 1870 ποδῶν
1563 1819 1711 1871 ι’διόυ
1749 1820 1901 1871 τετύ-
1934 1826 2056 1883 (131)

148 1921 190 1952 20
215 1920 379 1968 χηκεν
418 1901 701 1967 ὀνόματος,
740 1899 773 1968 ἢ
815 1899 921 1952 ἀπὸ
962 1899 1196 1968 ῥυθμῶν
1228 1899 1260 1968 ἢ
1297 1898 1482 1952 ἐθνῶν
1514 1899 1546 1967 ἢ
1580 1899 1902 1954 συνθέσεων

214 1991 325 2033 τῶν
365 1979 417 2045 ἐξ
459 1981 711 2050 ἀλλήλων
750 1981 782 2050 ἢ
824 1980 1104 2048 ἀριθμῶν,
1151 1981 1278 2049 περὶ
1317 1976 1395 2033 ὧν
1436 1979 1520 2049 ἐφ’
1561 1979 1767 2052 ἑκάστῳ
1809 1983 1902 2050 δη-

217 2064 479 2129 λώσομεν.

325 2144 373 2195 4.
400 2141 591 2196 ’Ἑστιν
633 2139 736 2196 οὖν
774 2153 987 2213 πρῶτος
1019 2142 1048 2195 ὁ
1087 2145 1461 2211 πυρρίχιος,
1501 2141 1562 2195 ἐκ
1600 2141 1729 2211 <β’>
1770 2146 1900 2213 βρα-

216 2234 377 2293 χειῶν
424 2227 791 2293 συγκείμενος.
869 2223 1076 2292 ἐκλήθη
1125 2224 1185 2276 δὲ
1228 2223 1403 2286 οὕτως
1443 2225 1526 2276 ὅτι
1565 2225 1901 2293 βραχύτατός

148 2327 189 2359 25
215 2305 326 2358 ἐστι
358 2306 448 2358 καὶ
481 2305 663 2368 ὀξεῖαν
693 2314 929 2358 ποιεῖται
954 2306 1055 2373 τὴν
1078 2307 1299 2372 κίνησιν
1323 2313 1434 2357 τῶν
1459 2307 1691 2374 χρόνων,
1718 2306 1898 2374 ὥσπερ

214 2385 303 2438 καὶ
347 2387 375 2455 ἡ
415 2387 724 2455 καλουμένη
765 2389 1003 2456 πυρρίχη
1047 2385 1299 2447 ἐνόπλιος
1339 2388 1561 2456 ὄρχησις
1592 2382 1744 2440 οὖσα.
1808 2388 1901 2439 ἄλ-

335 2558 358 2596 7
392 2553 654 2609 συστήματα
687 2556 922 2611 συλλαβῶν
955 2554 1031 2597 Ar.
1060 2553 1215 2606 Quint.
1243 2558 1312 2607 31,
1332 2557 1356 2596 9
1389 2555 1403 2610 ΙΙ
1436 2557 1491 2596 20
1524 2552 1698 2596 schol.A
1726 2557 1823 2606 109,
1845 2558 1896 2596 12

334 2706 357 2743 6
385 2698 518 2758 ὅθεν]
542 2709 640 2752 πῶς
662 2715 692 2756 p
709 2703 722 2757 ΙΙ
741 2706 763 2744 7
791 2700 1056 2757 συστήματα
1081 2700 1317 2754 Hoersch.‚
1344 2699 1548 2757 ὀνόματα
1574 2701 1620 2744 Y
1636 2704 1650 2757 Η
1677 2706 1728 2743 11
1756 2702 1898 2755 ἀπερ-

214 2758 430 2815 γάζονται
463 2773 569 2816 app.
587 2760 721 2804 Dion.
747 2775 791 2816 p.
811 2764 992 2814 331‚13‚
1026 2759 1294 2816 ἐργάζονται
1316 2761 1392 2815 ΥΙΙ
1420 2764 1590 2802 15—16
1617 2760 1764 2803 ἄλλων
1787 2762 1898 2803 21:02.-

213 2820 304 2861 λῶν
336 2818 362 2859 k
386 2819 399 2873 ΙΙ
427 2823 478 2860 16
511 2823 618 2874 post
647 2817 878 2875 πηδαλίου
912 2819 1019 2862 add.
1051 2836 1095 2861 τι
1122 2834 1156 2874 p
1180 2821 1194 2874 ΙΙ
1219 2823 1273 2861 20
1307 2819 1462 2862 ἐθνῶν
1485 2817 1641 2872 Pauw,
1676 2818 1801 2863 ἐθῶν
1828 2819 1892 2876 ΥΙ

215 2875 476 2927 συνθέσεως
507 2880 591 2921 An.
618 2878 773 2921 Ambr.
799 2880 813 2934 ΙΙ
837 2882 892 2921 23
926 2877 972 2935 β’
1008 2877 1114 2921 add.
1140 2877 1278 2921 Turn.
1303 2879 1318 2933 ΙΙ
1343 2881 1398 2919 24
1429 2877 1718 2935 βραχύτατον
1743 2892 1779 2934 p
