2060 3168
497 203 560 243 IV
577 211 608 243 2.
628 211 649 244 ³
679 201 826 242 ΠΕΡΙ
855 198 1235 242 ΑΠΟΘΕΣΕΩΣ
1264 199 1512 242 ΜΕΤΡΩΝ
1745 196 1853 251 223

165 337 355 390 ποδῶν
395 335 498 388 δύο
536 337 700 403 μόνοι
725 331 847 387 εἰσὶ
887 332 1294 386 ἀποτελεστικοὶ
1325 332 1556 402 μέτρων,
1595 333 1625 387 6
1658 335 1855 387 δάκτυ-

166 421 261 479 λος
312 415 404 470 καὶ
452 415 481 469 6
528 416 886 483 ἀνάπαιστος,
940 414 1079 467 ὅθεν
1123 412 1215 467 καὶ
1264 415 1390 484 περὶ
1437 415 1621 469 αὐτῶν
1666 418 1855 485 μόνων

167 498 530 566 διαλαμβάνει
577 497 606 550 6
651 498 923 566 τεχνικός,
976 498 1107 564 περί
1154 515 1211 548 τε
1266 496 1600 548 δακτυλικοῦ
1652 497 1854 564 μέτρου

168 578 295 632 κατ’
334 581 485 639 ,ἰδίαν
530 577 620 631 καὶ
667 576 794 647 περὶ
833 576 1251 630 ἄναπαιστικοῦ·
1304 575 1491 645 ἐπειδὴ
1530 573 1636 631 οὖν
1675 578 1704 632 ὁ
1744 581 1856 631 στί-

167 680 263 730 χος
301 660 406 712 ἀπὸ
449 661 724 712 δακτύλου
758 659 1055 726 σύγκειται,
1089 659 1364 726 εἰώθαμεν
1396 658 1597 727 λέγειν·
1639 659 1857 727 (γένους
1903 684 1923 716 5

167 741 270 811 μέν
308 740 422 795 ἐστι
462 742 733 795 δυαδικοῦ
764 740 1208 808 <τετρασήμου>’.
1271 740 1374 792 δύο
1414 742 1519 809 γὰρ
1558 742 1719 807 μόνοι
1751 740 1856 794 εἰσὶ

167 822 380 892 γενικοὶ
430 821 520 875 καὶ
569 820 976 874 ἀποτελεστικοὶ
1023 821 1261 889 μέτρων,
1308 821 1337 874 6
1385 822 1654 885 δάκτυλος
1697 821 1788 876 καὶ
1829 822 1856 876 6

167 904 516 967 ἀνάπαιστος.
591 906 933 972 τετρασήμου
982 903 1043 955 δὲ
1089 902 1298 972 εἴρηται
1353 902 1524 956 οἱονεὶ
1569 906 1858 973 τετραχρό-

168 1003 294 1039 νου·
338 985 418 1056 ιὲκ
456 993 665 1055 μακρᾶς
703 986 808 1053 γὰρ
848 984 940 1037 καὶ
980 985 1082 1037 δύο
1121 986 1392 1052 βραχειῶν
1433 988 1789 1054 συγκείμενος
1829 985 1857 1038 6

168 1068 437 1130 δάκτυλος
483 1067 749 1135 τέσσαρας
787 1063 897 1135 ἔχει
935 1067 1203 1135 χρόνουςΓ
1242 1096 1316 1103 —
1363 1067 1435 1118 Τὸ
1477 1063 1538 1118 δὲ
1578 1060 1724 1130 εἶδος
1763 1068 1857 1120 δα-
1882 1092 1924 1123 10

166 1150 428 1202 κτυλικὸν
465 1151 733 1216 νενόηται.
765 1178 838 1184 -
871 1147 1058 1200 Πάλιν
1087 1146 1362 1214 μεγέθους
1396 1146 1691 1218 ἑξαμέτρου
1721 1149 1857 1201 κατὰ

169 1231 514 1296 μονοποδίαν
554 1234 787 1297 εἴρηται,
839 1228 1024 1297 ἐπειδὴ
1067 1229 1134 1281 οὐ
1173 1230 1310 1282 κατὰ
1350 1230 1613 1283 διποδίαν
1650 1239 1858 1299 μετρεῖ-

167 1331 256 1364 ται
296 1310 325 1364 6
365 1314 572 1379 στίχος,
621 1311 693 1373 ὡς
740 1310 897 1379 ἕτερα
942 1311 1119 1363 πολλὰ
1164 1310 1356 1380 μέτρα,
1409 1304 1531 1364 οἷον
1572 1311 1600 1364 6
1643 1314 1858 1380 ἴαμβος·

170 1388 333 1454 οὗτος
383 1394 487 1461 γὰρ
535 1391 589 1455 ἓξ
638 1393 848 1454 ἁπλοῦς
893 1392 1067 1454 πόδας
1113 1393 1254 1460 ἔχων
1292 1390 1383 1444 καὶ
1423 1393 1558 1445 κατὰ
1599 1393 1859 1445 διποδιάν

169 1475 537 1543 μετρούμενος
574 1475 858 1543 τρίμετρος
902 1477 1166 1525 καλεῖται·
1215 1472 1243 1525 6
1283 1473 1345 1526 δὲ
1385 1474 1568 1542 στίχος
1607 1473 1636 1525 6
1677 1471 1858 1540 ἑξάμε-
1885 1498 1925 1530 15

169 1576 296 1625 τρος
343 1556 478 1608 κατὰ
524 1553 622 1607 ἕνα
667 1555 812 1608 πόδα
856 1555 1225 1623 μετρούμενος
1271 1555 1360 1606 καὶ
1409 1555 1476 1608 οὐ
1522 1557 1659 1608 κατὰ
1706 1557 1859 1608 διπο-

171 1638 316 1705 δίαν,
357 1637 430 1699 ὡς
466 1639 816 1706 προείπομεν.
861 1667 924 1673 -
967 1637 1172 1705 ιΠοὲλιν
1210 1636 1444 1704 σχέσεως
1481 1646 1736 1706 τακτικῆς
1775 1637 1859 1690 λέ-

169 1737 322 1786 γεται
347 1760 356 1769 .
383 1758 395 1770 .
421 1759 432 1769 .
458 1757 490 1787 ,Δ

281 1801 415 1864 Περὶ
472 1800 1004 1864 βραχυκαταλήκτων.
1083 1797 1202 1870 (13,
1237 1798 1330 1870 18)
1387 1801 1860 1865 βραχυκατάληκτα

171 1884 231 1934 δὲ
284 1885 541 1943 καλεῖται,
597 1880 694 1932 ὅεα
749 1880 856 1933 ἀπὸ
913 1882 1156 1933 διποδίαε
1205 1882 1291 1934 ἐπὶ
1337 1883 1527 1934 τέλους
1574 1881 1686 1951 ὅλῳ
1733 1883 1860 1934 ποδὶ
1885 1904 1927 1936 20

171 1965 467 2028 μεμείωται.
546 1964 630 2014 καὶ
671 1962 801 2026 ἑξῆς.
841 1993 915 1998 -
963 1962 1010 2016 U

284 2044 767 2110 Βραχυκατάληκτα
806 2046 866 2096 δὲ
905 2045 1128 2106 λέγεται,
1170 2044 1267 2096 ὅεα
1307 2043 1417 2096 ἀπὸ
1459 2045 1704 2096 διποδία(
1748 2044 1860 2114 ὅλῳ

171 2129 298 2180 ποδὶ
354 2127 635 2191 μεμείωται
684 2126 770 2177 ἐπὶ
815 2126 1024 2187 τέλους,
1080 2124 1198 2177 οἷον
1247 2126 1334 2177 ἐπὶ
1383 2125 1588 2190 ἰάμβου.
1664 2127 1749 2178 καὶ
1794 2127 1862 2178 τὰ

173 2208 304 2272 ἑξῆς.
345 2238 415 2244 —
454 2207 519 2258 K

284 2289 479 2340 Εἰπὼν
509 2286 633 2355 περὶ
667 2286 1053 2353 ἀκαταλήκτων
1083 2285 1174 2339 καὶ
1206 2291 1616 2355 καταληκτικῶν
1647 2285 1860 2355 μέτρων
1884 2310 1926 2342 25

172 2371 430 2440 βούλεται
479 2370 763 2438 διαλαβεῖν
805 2368 896 2421 καὶ
943 2366 1088 2436 λέγει
1137 2368 1305 2420 πάλιν
1350 2368 1474 2438 περὶ
1521 2370 1861 2437 βραχυκατα-

294 2543 317 2581 1
353 2538 440 2582 εἰσι
471 2537 608 2593 μονοὶ
633 2537 687 2580 K
705 2538 719 2593 11
744 2541 768 2578 2
802 2536 882 2579 καὶ
915 2535 960 2603 6]
992 2536 1073 2579 καὶ
1107 2537 1181 2592 UH
1205 2541 1231 2579 4
1264 2532 1349 2579 οὖν
1374 2549 1463 2578 om.
1489 2535 1533 2579 U
1551 2537 1565 2591 ΙΙ
1590 2539 1704 2578 5-6
1730 2533 1863 2592 γένος

174 2598 268 2643 ἐστὶ
303 2599 348 2642 U
373 2598 387 2653 ΙΙ
420 2602 445 2640 6
475 2595 762 2651 τετρασήμου
795 2595 960 2638 addid]
989 2597 1004 2651 ΙΙ
1037 2599 1060 2637 7
1094 2595 1271 2651 γενικοὶ
1303 2595 1352 2636 in
1383 2609 1476 2650 mg.
1510 2595 1613 2650 (om.
1648 2595 1746 2651 καὶ)
1781 2595 1825 2639 U
1853 2596 1857 2653 Ι

174 2656 198 2700 6
232 2670 319 2700 om.
353 2657 396 2700 U
422 2658 437 2712 ΙΙ
466 2660 494 2698 8
528 2654 599 2713 δὲ]
632 2654 720 2710 γὰρ
752 2655 806 2698 Κ
832 2655 846 2710 ΙΙ
879 2658 1049 2697 10-11
1086 2653 1241 2705 εἴδους
1272 2655 1549 2698 δακτυλικοῦ
1581 2651 1745 2709 νόηται
1779 2654 1823 2698 U
1848 2654 1863 2712 ΙΙ

176 2720 348 2759 11-12
381 2714 501 2759 κατὰ
531 2712 706 2758 ποδίαν
739 2714 781 2757 U
811 2716 826 2770 ΙΙ
860 2718 912 2755 13
947 2712 971 2756 6
1004 2727 1092 2756 om.
1127 2713 1170 2757 U
1194 2715 1209 2769 ΙΙ
1242 2717 1298 2755 14
1330 2712 1418 2769 γὰρ
1452 2726 1539 2755 om.
1574 2712 1618 2756 U
1647 2713 1652 2769 Ι
1688 2712 1863 2763 ἁπλοῦς

175 2787 263 2818 om.
291 2775 342 2818 K
366 2778 372 2830 Ι
402 2774 516 2831 ἔχων
548 2771 700 2824 πόδας
731 2773 784 2816 Κ
807 2775 813 2830 Ι
841 2772 921 2815 καὶ
953 2786 1040 2815 om.
1068 2773 1122 2816 K
1143 2774 1150 2828 Ι
1177 2769 1352 2816 ποδίαν
1388 2773 1432 2816 U
1456 2774 1503 2815 et
1535 2770 1602 2813 sic
1634 2772 1820 2827 saepius
1847 2772 1862 2832 Η

178 2839 231 2877 15
265 2833 570 2889 μετρούμενος
592 2831 827 2883 Hoersch„
862 2829 1198 2887 μετρουμένους
1230 2830 1362 2874 codd.
1392 2833 1398 2887 Ι
1427 2829 1451 2874 6
1478 2833 1583 2886 (sec.
1602 2829 1649 2886 l.)
1675 2844 1763 2874 om.
1783 2833 1838 2875 K
1848 2834 1862 2889 {l

178 2897 232 2935 18
263 2892 350 2936 lac.
377 2891 582 2935 indicavi
629 2893 643 2948 ΙΙ
691 2895 746 2934 25
780 2889 1176 2946 εἰπὼν-μέτρων
1208 2903 1296 2934 om.
1325 2891 1387 2943 K,
1419 2891 1518 2932 tum
1549 2890 1656 2944 περὶ
1689 2891 1861 2948 βραχυ-

175 2950 471 3006 καταλήκτων
503 2949 809 3007 διαλαμβάνει
839 2950 919 2992 καὶ
951 2950 1094 3005 φησὶν
1127 2946 1195 2992 ὄτι
1227 2947 1640 3007 βραχυκατάληκτα
1673 2950 1727 2993 K
