2090 3158
838 168 1172 211 PRAEFATIO
1707 165 1855 208 XXIX

275 311 350 358 De
390 310 598 358 Trichae
638 309 859 357 fontibus
898 310 1030 355 recte
1070 307 1197 354 dixit
1234 299 1494 372 Iungius1)
1535 323 1583 368 p.
1612 307 1677 354 15
1711 306 1854 353 haec:

163 385 314 433 nullis
353 385 466 432 aliis
508 383 611 431 fere
659 383 856 431 auxiliis
896 382 1127 429 Tricham
1172 383 1471 429 instructum
1510 381 1661 428 fnisse
1702 379 1853 427 credi-

162 474 272 507 mus
313 474 462 520 quam
502 458 702 506 scholiis
754 457 819 505 ad
855 455 1239 517 Hephaestionis
1280 453 1605 502 enchiridium
1644 454 1855 515 scriptis,

161 532 469 595 plenioribus
514 532 616 579 illis
658 547 805 593 quam
846 546 972 592 quae
1017 545 1148 577 nunc
1193 529 1456 592 habentur·
1478 531 1528 576 et
1567 545 1592 574 e
1631 530 1854 576 veterum

164 607 390 655 doctrina
419 605 627 665 haustis,
658 604 858 653 tametsi
891 603 1061 652 crebra
1092 603 1483 665 Byzantinorum
1516 602 1856 650 additamenta

162 697 262 730 non
301 679 607 728 deficiebant.
654 705 728 712 —
771 679 881 726 Iam
928 678 1228 726 scholiorum
1267 678 1621 739 compositione
1662 676 1855 724 detecta

163 757 387 803 nostrum
450 757 526 802 est
579 753 856 802 accuratius
911 752 1137 812 definire,
1200 767 1326 813 quae
1381 751 1541 799 forma
1595 750 1856 798 enchiridii

164 829 371 876 Trichae
410 830 608 890 praesto
650 829 814 875 fuerit.
890 827 949 874 In
989 841 1132 873 suum
1171 841 1317 874 usum
1356 826 1601 873 convertit
1612 818 1654 890 ²)

278 910 332 983 1)
374 916 700 965 enchiridium
737 918 915 978 ipsum.
981 932 1030 977 p.
1065 916 1188 976 371,
1214 916 1279 962 27
1325 929 1436 962 cum
1474 913 1856 975 Hephaestionis

165 991 414 1040 codicibus
453 991 574 1038 HN
605 991 735 1038 male
772 991 950 1037 inserit
989 988 1187 1052 ἴαμβον,
1228 1005 1324 1050 quo
1365 988 1705 1036 additamento
1744 990 1857 1050 post

162 1067 215 1112 in
270 1065 598 1127 explicatione
650 1081 748 1112 non
803 1065 977 1111 utitur.
1064 1062 1250 1111 Contra
1301 1080 1348 1124 p.
1385 1063 1608 1123 381,19
1659 1061 1856 1125 ἴαμβον,

163 1139 299 1201 quod
337 1139 465 1187 falso
506 1141 580 1187 est
620 1138 753 1200 apud
791 1137 1210 1200 Hephaestionem
1249 1137 1302 1184 in
1339 1137 1456 1184 HN
1492 1139 1542 1184 et
1579 1136 1632 1183 in
1672 1130 1856 1184 schol.B

161 1213 246 1261 lib.
278 1213 370 1274 111,
409 1216 540 1261 recte
581 1213 720 1261 deest
759 1213 892 1274 apud
932 1205 1223 1277 Tricha.m.3)

275 1296 333 1367 2)
373 1297 597 1351 scholiaA
638 1304 688 1350 et
727 1317 806 1363 ea,
854 1317 980 1362 quae
1028 1303 1142 1363 post
1188 1314 1363 1362 corpus
1403 1301 1455 1346 in
1486 1299 1535 1346 A
1576 1299 1856 1348 absolutum

161 1377 215 1423 in
245 1377 354 1424 IM
377 1378 551 1424 insunt
585 1369 655 1443 (p.
683 1377 805 1437 396,
826 1376 983 1422 1—5.
1026 1375 1148 1434 389,
1168 1375 1251 1422 15.
1293 1375 1415 1435 393,
1443 1375 1510 1422 32
1531 1395 1600 1411 =
1624 1375 1742 1435 145,
1763 1368 1855 1439 12)

163 1453 214 1498 et
243 1467 411 1510 unum,
444 1450 575 1512 quod
607 1450 669 1498 ab
702 1451 742 1497 I
766 1450 985 1497 alienum
1018 1465 1047 1495 a
1079 1448 1183 1496 solo
1208 1447 1258 1495 A
1290 1448 1567 1507 exhibetur3
1607 1465 1653 1509 p.
1683 1449 1804 1508 389,
1824 1449 1853 1495 6

165 1546 234 1562 =
263 1526 383 1585 142,
411 1525 494 1572 18.

277 1606 332 1679 3)
390 1607 720 1660 scholiorumB
778 1612 960 1660 librum
1005 1611 1083 1658 H]
1137 1611 1434 1673 saepissime.
1526 1611 1658 1659 Num
1713 1611 1856 1659 illum

164 1687 436 1747 pleniorem
474 1687 707 1734 habuerit
746 1703 896 1748 quam
934 1701 1038 1746 nos,
1077 1701 1166 1734 nec
1204 1687 1486 1748 negaverim
1528 1701 1686 1747 neque
1727 1685 1856 1732 affir-

163 1762 416 1808 maverim.
478 1760 619 1808 Libri
646 1760 692 1805 V
723 1762 1059 1809 recensionem
1091 1773 1356 1820 usurpasse
1388 1759 1585 1807 videtur
1625 1760 1686 1807 ab
1719 1760 1855 1807 scho-

164 1961 246 2018 pit.
309 1961 395 2005 Est
432 1961 558 2005 idem
596 1961 647 2003 in
679 1962 725 2005 P
753 1960 848 2018 (fol.
879 1965 932 2003 19
947 1974 1070 2016 sqq,
1112 1959 1250 2003 GGA
1285 1963 1396 2004 1887
1430 1975 1475 2017 p.
1504 1963 1605 2016 606)
1640 1963 1687 2004 et
1725 1960 1775 2002 in
1808 1961 1861 2003 K

165 2020 261 2076 (fol.
289 2025 357 2064 91.
390 2020 483 2063 AV
513 2036 557 2077 p.
587 2022 702 2075 166),
736 2020 818 2064 sed
849 2020 972 2063 inter
1001 2020 1158 2063 media
1191 2019 1286 2063 alia
1318 2019 1495 2076 scripta
1525 2019 1732 2063 metrica.
1786 2019 1856 2062 Ne

163 2081 320 2137 potest
358 2080 548 2136 quidem
588 2093 615 2123 a
655 2079 826 2123 Tricha
865 2092 965 2123 esse
1011 2079 1274 2133 conditum,
1322 2079 1497 2136 quippe
1538 2079 1669 2123 cuius
1715 2079 1857 2122 verba

163 2140 400 2183 interdum
430 2139 632 2195 pessime
664 2139 759 2182 sint
789 2138 1044 2182 intellecta.
1100 2137 1391 2195 Conquisivit
1422 2140 1666 2194 excerptor
1695 2138 1854 2194 impri-

163 2199 252 2242 mis
282 2201 433 2242 metra
465 2200 590 2242 certo
622 2198 810 2242 nomine
842 2198 1103 2256 designata.

286 2261 327 2314 1)
362 2257 511 2314 Saepe
536 2257 754 2301 Tricham
786 2259 999 2301 auctores
1032 2271 1138 2300 suos
1170 2257 1372 2313 pessime
1395 2257 1684 2300 intellexisse
1709 2258 1756 2300 et
1780 2256 1855 2300 hic

166 2319 213 2361 et
243 2317 568 2373 Westphalius
599 2317 628 2360 1.
656 2332 692 2360 c.
728 2317 1170 2361 animadverterunt.

285 2380 328 2433 2)
360 2377 434 2419 Ad
464 2376 668 2433 primum
700 2378 843 2432 caput
873 2375 1026 2419 fontes
1052 2376 1238 2420 uberius
1268 2375 1510 2432 adscripsi,
1543 2377 1650 2431 post
1674 2389 1730 2418 ea
1754 2378 1855 2418 tan—

164 2438 267 2478 tum
297 2449 419 2492 quae
451 2436 678 2492 gravioris
711 2438 820 2478 sunt
850 2436 1087 2478 momenti.

285 2497 329 2552 3)
377 2494 724 2538 Studemundus
765 2508 821 2538 ex
859 2510 902 2550 p.
937 2498 1045 2550 381,
1073 2499 1140 2538 19.
1198 2499 1304 2547 384,
1334 2500 1387 2538 10
1410 2509 1508 2550 sqq.
1554 2493 1855 2550 anapaestica

167 2553 346 2597 aeolica
377 2554 425 2596 in
459 2554 699 2598 codicibus
728 2553 1118 2609 Hephaestioneis
1150 2556 1257 2610 post
1290 2559 1358 2606 27,
1386 2559 1439 2596 21
1475 2553 1546 2596 vel
1579 2557 1648 2605 28,
1675 2556 1701 2595 8
1735 2553 1856 2596 exci-

167 2613 290 2656 disse
323 2613 535 2656 coniecit.
584 2613 728 2656 Immo
754 2626 810 2656 ea
833 2615 887 2656 ut
914 2613 1162 2668 dactylicis
1195 2613 1386 2657 aeolicis
1417 2612 1751 2668 responderent
1775 2611 1855 2654 vili

168 2672 379 2715 acumine
424 2673 758 2729 excogitavisse
801 2672 987 2715 videtur
1025 2673 1239 2726 Trichas3
1288 2672 1345 2716 cf.
1386 2672 1510 2729 Jung
1556 2671 1585 2715 1.
1627 2685 1666 2716 c.
1705 2686 1748 2727 p.
1788 2676 1854 2714 19.

166 2730 324 2774 Etiam
354 2747 398 2787 p.
418 2735 584 2784 393,10
610 2732 827 2774 Tricham
851 2745 933 2775 suo
957 2731 1148 2789 ingenio
1173 2731 1422 2775 indulsisse
1448 2744 1591 2786 quam
1614 2731 1663 2773 in
1687 2731 1857 2774 nostris

169 2790 406 2834 codicibus
430 2805 475 2846 p.
496 2795 634 2842 36‚14
651 2804 751 2834 esse
775 2791 993 2834 lacunam
1019 2793 1224 2834 statuere
1248 2791 1507 2834 maluerim.
1541 2790 1734 2833 Trichas
1753 2804 1857 2833 cum

169 2849 295 2905 apud
333 2849 728 2906 Hephaestionem
768 2849 991 2893 vocabulo
1034 2849 1062 2906 ἢ
1102 2851 1382 2906 respondere
1415 2865 1453 2893 v.
1482 2853 1536 2892 23
1580 2847 1725 2892 ἐνίοτε
1765 2862 1856 2891 non

169 2908 571 2958 animadverteret,
606 2909 744 2952 verba
776 2909 952 2952 tradita
984 2909 1231 2952 emendare
1265 2909 1457 2952 studuit.
