2060 3168
149 1082 190 1112 10

147 1487 187 1520 15

147 1894 188 1925 20

145 2299 186 2331 25

215 193 323 244 232
669 193 980 235 ΓΕῼΡΓΙΟΤ
1010 193 1451 235 ΧΟῙΡΟΒΟΣΚΟΤ

215 328 410 396 κοινὴν
449 330 674 396 ἔχουσιν
715 327 1166 395 ἰσοδυναμοῦσαν
1205 328 1450 397 βραχείᾳ,
1501 327 1637 380 ὅθεν
1678 325 1767 379 καὶ
1806 345 1902 380 πο-

217 411 456 474 δίζοντες
495 409 593 461 τὸν
633 410 823 477 στίχον
863 409 1139 474 εἰώθαμεν
1186 406 1388 476 λέγειν·
1438 407 1804 478 ’ἀμφίμακρος
1843 406 1903 460 ἐκ

214 498 423 558 μακρᾶς
469 489 558 543 καὶ
599 491 855 558 βραχείας
901 489 990 541 καὶ
1037 497 1250 558 κοινῆς,
1297 489 1694 558 τετράχρονος’,
1743 488 1802 541 ἐν
1843 490 1904 542 δὲ

215 578 288 644 τῷ
340 573 503 643 στίχῳ
550 572 994 640 θεραπευόμενος
1043 570 1324 632 δάκτυλος.
1408 570 1497 622 καὶ
1547 570 1905 639 τετράχρονός

217 651 367 706 ἐστιν
398 660 492 720 τῆς
531 659 738 719 κοινῆς,
779 652 850 713 ὡς
887 656 1112 721 εἴρηται,
1153 649 1276 704 ἀντὶ
1315 653 1572 721 βραχείας
1611 652 1796 719 οὔσης,
1837 652 1903 704 οὐ

215 733 603 803 πεντάχρονος·
647 732 846 801 ὁμοίως
877 732 967 784 καὶ
1007 731 1094 785 ἐπὶ
1127 740 1225 785 τοῦ
1264 733 1710 800 παλιμβακχείου.
1769 731 1905 785 ἀλλὰ

214 815 304 868 καὶ
345 814 372 868 ὁ
416 815 705 876 σπονδεῖος
745 814 981 882 δυνάμει
1024 814 1292 876 δάκτυλός
1330 812 1468 882 ἐστι,
1515 820 1609 881 τῆς
1649 812 1906 882 δευτέρας

214 903 423 964 μακρᾶς
475 893 596 947 ἀντὶ
646 895 748 947 δύο
795 897 1068 963 βραχειῶν
1115 894 1698 963 παραλαμβανομένης·
1748 895 1906 965 ιὅθεν

214 975 304 1029 καὶ
338 977 397 1029 ἐν
429 983 503 1049 τῷ
531 975 902 1048 άναπαιστικῷ
935 976 1264 1043 λαμβάνεται
1304 977 1471 1028 πάλιν
1511 977 1743 1044 δυνάμει
1776 975 1904 1028 άνά-

215 1073 458 1125 παιστος,
497 1066 592 1126 τῆς
630 1058 846 1127 πρώτης
885 1065 1094 1126 μακρᾶς
1126 1057 1247 1110 ἀντὶ
1289 1058 1390 1109 δύο
1430 1059 1702 1126 βραχειῶν
1734 1077 1904 1126 παρα-

215 1138 629 1208 λαμβανομένης
631 1179 661 1209 J.

327 1219 468 1288 Περὶ
510 1220 571 1272 δὲ
610 1229 704 1288 τῆς
742 1222 1056 1282 τελευταίας
1088 1223 1364 1288 συλλαβῆς
1396 1220 1567 1273 αὐτοῦ
1601 1230 1792 1288 σαφῶς
1823 1221 1904 1272 δι-

215 1303 420 1370 δάσκει,
459 1311 624 1355 ποῖον
664 1301 813 1355 ἐστὶν
854 1301 1227 1370 ἀκατάληκτον
1259 1301 1348 1353 καὶ
1388 1310 1552 1354 ποῖον
1587 1307 1904 1369 καταληπτι-

212 1383 312 1435 κὸν
348 1384 425 1445 εἰς
466 1385 747 1452 συλλαβὴν
786 1382 876 1436 καὶ
910 1384 1266 1449 δισύλλαβον·
1312 1382 1492 1435 ἰστέον
1526 1381 1584 1435 δ’
1618 1382 1699 1434 ὅτι
1732 1383 1903 1452 παρά-

216 1465 410 1533 δειγμα
450 1472 549 1516 τοῦ
591 1464 965 1532 ἀκαταλήπτου
1001 1465 1067 1516 οὐ
1107 1462 1430 1533 παραφέρει,
1470 1462 1641 1516 οἶονεὶ
1683 1466 1903 1532 ἔχοντος

212 1546 311 1597 τὸν
349 1550 664 1598 τελευταῖον
702 1546 846 1598 πόδα
884 1545 1095 1598 τέλειον
1137 1545 1425 1598 δάκτυλον.
1503 1552 1601 1597 τοῦ
1644 1545 1704 1597 δὲ
1742 1565 1902 1598 κατα-

213 1630 469 1694 ληκτικοῦ
510 1627 816 1696 παραφέρει
865 1625 954 1679 καὶ
995 1627 1072 1688 εἰς
1113 1627 1450 1693 δισύλλαβον
1490 1626 1577 1678 καὶ
1617 1626 1786 1678 πάλιν
1827 1627 1903 1688 εἰς

214 1710 494 1776 συλλαβὴν
536 1707 646 1779 (22,
674 1707 729 1779 1)
769 1709 1194 1776 παραδείγματα.

326 1789 489 1859 Περὶ
523 1791 847 1843 αἰολικοῦ·
889 1787 1000 1860 (22,
1029 1788 1119 1859 18)
1154 1790 1232 1842 Τὰ
1265 1791 1324 1842 δὲ
1351 1790 1567 1842 Αἰολικὰ
1599 1791 1902 1854 καλούμενα

213 1873 308 1924 τὸν
358 1874 451 1936 μὲν
499 1876 716 1936 πρῶτον
766 1872 873 1936 ἔχει
920 1871 1064 1923 πόδα
1111 1871 1327 1923 πάντως
1377 1871 1471 1923 ἕνα
1510 1875 1618 1923 τῶν
1660 1872 1900 1923 διευλλά-

216 1957 344 2018 βων·
385 1952 475 2004 καὶ
515 1954 579 2004 τὰ
621 1951 751 2020 ἑξῆς.
791 1984 864 1989 -
908 1952 959 2006 U

323 2035 401 2086 Τὰ
441 2034 485 2087 δ’
520 2035 736 2087 Αἰολικὰ
767 2034 1072 2098 καλούμενα
1102 2035 1198 2086 τὸν
1237 2036 1330 2098 μὲν
1363 2037 1581 2097 πρῶτον
1615 2034 1722 2098 ἔχει
1756 2035 1902 2086 πόδα

212 2117 428 2168 πάντως
477 2116 572 2167 ἕνα
618 2120 727 2168 τῶν
777 2115 1129 2180 διευλλάβων,
1177 2117 1208 2179 ἢ
1251 2118 1533 2167 επονδεῑον
1573 2116 1604 2179 ἢ
1645 2119 1900 2180 τροχαῖον

211 2199 241 2261 ἢ
282 2197 476 2262 ἴαμβον
515 2199 546 2261 ἣ
588 2198 889 2262 πυρρίχιον·
931 2198 1056 2248 τοὺς
1097 2199 1156 2248 δὲ
1198 2197 1254 2249 ἐν
1289 2197 1425 2265 με’(ῳ
1467 2196 1672 2248 πάντας
1712 2197 1900 2248 δακτύ-

213 2281 360 2331 λους·
413 2279 509 2330 τὸν
559 2280 617 2329 δὲ
663 2281 972 2330 τελευταῖον
1021 2279 1157 2341 πρὸ(
1204 2279 1300 2341 τὴν
1343 2277 1595 2330 ἀπόθεειν
1637 2277 1901 2329 δάκτυλον

335 2409 407 2466 15]
442 2407 523 2451 sed
557 2407 613 2451 cf.
641 2412 711 2462 22,
732 2412 754 2450 7

333 2532 354 2569 1
391 2527 620 2599 βραχεῖαν.
637 2526 679 2569 U
699 2528 712 2580 ΙΙ
738 2530 762 2567 2
798 2526 845 2569 ἐν
877 2533 939 2568 τῶ
974 2523 1109 2583 στίχω
1143 2532 1412 2581 μετροῦντες
1443 2526 1548 2580 post
1579 2523 1667 2581 λέγ
1695 2524 1800 2566 add.
1831 2526 1901 2592 UH

214 2590 237 2627 3
274 2586 323 2629 δὲ
356 2599 445 2628 om.
474 2586 527 2628 K
554 2586 567 2641 ΙΙ
601 2590 683 2627 5—
631 2589 713 2626 -6
749 2585 804 2627 οὐ
836 2584 1149 2641 πεντάχρονος
1179 2587 1286 2640 post
1320 2590 1343 2626 5
1379 2583 1500 2627 ἐστὶν
1531 2597 1636 2638 pon.
1664 2585 1757 2638 ΚΗ
1783 2588 1807 2625 5
1841 2585 1901 2632 ὡς

213 2658 300 2688 om.
335 2645 377 2687 U
421 2646 435 2699 ΙΙ
487 2648 512 2686 8
545 2645 773 2701 βραχειῶν
806 2643 890 2686 δύο
925 2645 978 2687 K
1030 2646 1035 2698 Ι
1093 2642 1443 2715 λαμβανομένης
1475 2643 1517 2686 U
1557 2644 1570 2698 Η
1619 2646 1701 2684 9-
1710 2646 1762 2684 10
1794 2644 1901 2697 post

213 2702 498 2752 ἀνάπαιστος
530 2703 578 2744 in
603 2703 644 2746 U
666 2702 734 2745 έιν
761 2702 831 2744 vel
857 2702 994 2759 rinwj?
1014 2708 1063 2745 11
1092 2701 1444 2774 λαμβανομένης
1471 2703 1515 2746 U
1529 2701 1543 2759 Η
1568 2705 1620 2743 13
1645 2715 1728 2756 pro
1761 2709 1899 2744 ποῖον

213 2761 284 2804 bis
316 2761 426 2805 πότε
446 2762 499 2804 Κ
521 2764 526 2816 Ι
555 2762 634 2805 καὶ
658 2775 744 2804 om.
769 2762 811 2804 U
831 2763 844 2816 ΙΙ
872 2767 923 2803 1ῑ)
957 2760 1195 2816 περιφέρει
1221 2761 1302 2818 K}
1331 2760 1472 2804 οἱονεὶ
1498 2774 1583 2802 om
1613 2760 1654 2803 U
1674 2763 1687 2815 l}
1715 2764 1767 2802 16
1792 2763 1900 2815 post

212 2837 257 2864 τε
251 2819 383 2864 λειον
417 2821 464 2862 in
497 2821 540 2864 U
568 2822 693 2864 σώὸα
730 2834 833 2863 cum
865 2833 953 2862 ras.
1014 2823 1019 2875 l
1078 2820 1127 2863 δὲ
1162 2834 1248 2862 om
1286 2821 1329 2864 U
1379 2822 1408 2886 Η.
1448 2824 1499 2861 17
1534 2817 1773 2874 περιφέρει
1806 2819 1899 2876 Κ

216 2883 268 2920 18
302 2879 594 2935 παράδειγμα
627 2881 713 2935 ΚΙΙ
740 2883 792 2921 19
826 2878 948 2922 titul.
976 2879 1080 2922 add
1110 2879 1187 2922 ΚΞ
1221 2881 1266 2922 et
1301 2879 1366 2923 [Γ
1397 2878 1446 2920 in
1477 2893 1567 2934 mg.
1595 2880 1608 2933 ΙΙ
1633 2878 1759 2932 20s’1
1797 2880 1899 2921 συλ

212 2937 366 2994 λάβων
400 2939 442 2981 U

1937 1556 1990 1595 72
