2090 3158
341 156 441 197 XII.
490 156 634 196 ΠΕΡΙ
663 155 788 197 ΤΟΤ
819 150 926 196 ΑΠ’
952 155 1327 197 ΕΛΑΣΣΟΝΟΣ
1358 154 1634 198 ΙΩΝΙΚΟΤ.
1766 153 1834 206 37

150 290 552 357 λαμβάνουσιν,
615 288 737 341 ἀντὶ
790 285 892 356 μὲν
942 298 1053 341 τῶν
1109 290 1348 342 ι’ωνικῶν
1409 287 1530 342 ἔσθ’
1594 291 1682 343 ὅτε
1744 292 1838 353 τὰς

148 370 408 440 δευτέρας
460 371 761 432 παιωνικὰς
813 370 1359 439 παραλαμβάνοντες,
1422 370 1542 423 ἀντὶ
1606 372 1667 424 δὲ
1727 381 1838 425 τῶν

13 457 112 519 [71]
145 451 428 520 ἑξασήμων
481 461 789 520 τροχαϊκῶν
842 449 963 504 ἔσθ’
1027 452 1115 505 ὅτε
1177 453 1272 514 τὰς
1325 451 1668 521 ἑπτασήμους
1720 473 1841 522 τρο-

145 533 353 603 χαϊκάς,
394 526 517 586 οἷον
558 531 780 604 (Sapph.
813 531 909 603 52)
1436 586 1455 594 ,

294 613 490 667 δέδυκε
536 611 638 681 μὲν
684 614 718 666 ἁ
759 614 995 667 σελάννα
1041 615 1130 667 καὶ
1177 616 1458 684 πληιάδες·
1504 613 1664 682 μέσαι
1705 612 1765 668 δὲ
1865 635 1882 668 5

294 697 511 764 νύκτες,
566 697 712 764 παρὰ
767 695 816 749 δ’
878 694 1062 765 ἔρχεθ’
1133 697 1268 766 ὥρα·
1331 695 1436 764 ἐγὼ
1501 693 1561 749 δὲ
1622 699 1766 763 μόνα

1215 779 1489 831 καθεύδω.

402 1060 564 1128 Περὶ
605 1067 720 1112 τοῦ
761 1058 859 1112 ἀπ’
907 1058 1268 1122 ἐλάσσονος
1309 1061 1595 1112 ἰωνικοῦ.

259 1179 341 1248 (1)
375 1179 446 1231 Τὸ
482 1175 542 1231 δὲ
568 1177 658 1230 ἀπ’
683 1177 981 1245 ἐλάσσονος
1015 1179 1239 1231 ι’ωνικὸν
1272 1180 1595 1231 συντίθεται
1627 1175 1728 1245 μὲν
1751 1179 1839 1231 καὶ
1866 1200 1908 1232 10

59 1267 115 1308 38
146 1262 424 1330 καθαρόν,
472 1261 793 1313 συντίθεται
843 1257 903 1312 δὲ
950 1260 1039 1312 καὶ
1088 1259 1372 1326 ἐπίμικτον
1410 1261 1547 1329 πρὸς
1585 1261 1680 1323 τὰς
1719 1254 1869 1329 2⁷90--

145 1343 336 1411 χαϊκὰς
375 1341 677 1411 [διποδίας]
719 1342 910 1409 οὕτως,
959 1342 1095 1394 ὥστε
1135 1343 1235 1410 τὴν
1272 1342 1379 1410 πρὸ
1419 1350 1515 1409 τῆς
1553 1350 1842 1411 τροχαῖκῆς

146 1423 228 1476 ἀεὶ
277 1425 535 1492 γίνεσθαι
574 1424 948 1492 πεντάσημον,
999 1422 1248 1476 τουτέστι
1287 1425 1478 1492 τρίτην
1516 1425 1840 1491 παιωνικήν,

145 1506 235 1557 καὶ
290 1506 391 1574 τὴν
444 1506 765 1574 τροχαῑκήν,
814 1504 1020 1557 ὁπόταν
1066 1504 1425 1574 προτάττοιτο
1465 1512 1560 1572 τῆς
1601 1506 1838 1573 ι’ωνικῆς,

146 1588 404 1655 γίνεσθαι
446 1585 756 1655 ἑπτάσημον
797 1585 1156 1655 [τροχαϊκήν],
1196 1587 1294 1639 τὸν
1332 1587 1678 1653 καλούμενον
1718 1587 1842 1639 δεύ-
1866 1607 1907 1640 15

146 1688 309 1737 τερον
364 1667 663 1735 ἐπίτριτον·
718 1666 839 1720 ἔσθ’
889 1668 978 1721 ὅτε
1034 1664 1094 1720 δὲ
1134 1668 1166 1736 ἡ
1205 1665 1307 1734 μὲν
1360 1670 1514 1737 τρίτη
1568 1670 1839 1737 παιωνικὴ

147 1759 486 1818 συναιρεῖται
542 1751 620 1811 εἰς
672 1749 1127 1818 παλιμβάκχειον,
1182 1757 1278 1817 τῆς
1333 1746 1394 1802 δὲ
1446 1748 1843 1819 ἐπιφερομένης

145 1839 437 1900 τροχαϊκῆς
468 1830 496 1883 ὁ
529 1833 796 1900 πρότερος
829 1831 1014 1883 λύεται
1047 1833 1124 1893 εἰς
1147 1833 1473 1901 τρίβραχυν·
1511 1829 1840 1898 ἐμπίπτουσι

148 1910 208 1966 δὲ
262 1913 351 1965 καὶ
393 1914 445 1965 οἱ
485 1913 739 1980 μολοττοὶ
781 1911 869 1965 ἐπὶ
908 1922 1019 1965 τῶν
1068 1923 1338 1982 περιττῶν
1393 1921 1587 1981 χωρῶν
1627 1911 1687 1965 ἐν
1726 1922 1841 1975 τοῖς

147 1992 236 2046 ἀπ’
291 1993 591 2056 ἐλάσσονος
638 1995 903 2062 ἰωνικοῖς,
953 1994 1132 2063 ὥσπερ
1182 1993 1243 2047 ἐν
1288 2003 1403 2056 τοῖς
1450 1993 1554 2046 ἀπὸ
1594 1996 1842 2060 μείζονος
1864 2015 1908 2048 20

148 2074 234 2128 ἐπὶ
273 2085 385 2128 τῶν
424 2075 644 2144 ἀρτίων.

262 2155 346 2227 (2)
364 2157 474 2208 Καὶ
501 2157 600 2209 ὅλα
620 2154 721 2223 μὲν
746 2152 849 2209 οὖν
875 2156 1086 2227 ᾄσματα
1109 2156 1410 2226 γέγραπται
1430 2157 1640 2225 ἰωνικά,
1659 2157 1839 2226 ὥσπερ

160 2236 411 2305 Ἀλκμᾶνι
453 2235 605 2308 (85³)

270 2410 440 2450 10—21
475 2406 628 2450 Tract.
661 2406 788 2450 Harl.
816 2406 963 2463 (Dem.
990 2406 1146 2463 Tricl.)
1178 2422 1223 2463 p.
1251 2411 1320 2461 25,
1355 2410 1499 2450 9-15
1525 2408 1539 2463 ΙΙ
1566 2411 1619 2450 10
1643 2406 1794 2450 Diom.
1820 2406 1841 2448 I

150 2468 250 2520 506,
286 2469 412 2508 1-7.
476 2465 590 2508 Mar.
626 2465 746 2509 Viet.
773 2465 835 2509 VI
869 2470 922 2509 93
947 2468 962 2522 ΙΙ
989 2471 1038 2509 11
1075 2463 1315 2523 ἐπίμικτον
1341 2466 1453 2510 Mar.
1479 2466 1600 2509 Viot.
1628 2465 1690 2508 VI
1716 2470 1785 2521 95,
1812 2470 1837 2508 8

268 2647 295 2685 4
328 2639 429 2686 οῖον
463 2657 550 2686 om.
584 2645 617 2686 I
664 2645 678 2698 Η
732 2647 757 2685 5
791 2642 990 2688 σελάννα
1023 2643 1191 2700 Bergk,
1225 2632 1397 2687 σελάῖἰα
1430 2644 1530 2700 (sic)
1563 2644 1628 2697 A,
1670 2642 1839 2686 σελάνα

149 2730 246 2773 rell.
277 2733 282 2786 Ι
310 2730 532 2788 πληιάδες
563 2733 690 2784 AH,
729 2731 944 2783 πλειάδες
982 2734 1010 2776 1
1037 2734 1042 2788 Ι
1070 2717 1204 2788 ‘aggone
1224 2734 1273 2786 Ι,
1299 2731 1460 2788 μέσσαι
1479 2733 1539 2775 Μ
1559 2734 1574 2788 ΙΙ
1600 2736 1654 2774 10
1673 2733 1723 2776 δὲ
1748 2745 1837 2775 om.

151 2788 302 2834 Tract.
321 2790 448 2834 Harl.
474 2793 488 2847 ΙΙ
515 2795 568 2833 12
587 2789 807 2842 διποδίας
823 2790 990 2834 seclusi
1015 2794 1029 2847 ΙΙ
1056 2796 1109 2835 13
1126 2790 1285 2848 τρίτην
1302 2791 1585 2849 παιωνικὴν]
1617 2791 1839 2835 usitatius

151 2849 304 2903 τρίτον
342 2856 530 2893 παιῶνα
571 2849 644 2906 (cf.
679 2850 740 2893 Io.
775 2850 1127 2894 Tzetz.A0111
1159 2855 1267 2906 314,
1301 2856 1349 2904 3,
1398 2850 1603 2906 schol.A),
1651 2851 1733 2895 sed
1780 2849 1836 2893 cf.

152 2906 274 2951 infra
312 2923 350 2951 v,
387 2913 441 2951 16
474 2910 522 2952 et
553 2913 624 2966 44,
657 2914 711 2952 23
737 2911 752 2966 ΙΙ
779 2915 831 2953 15
864 2910 1115 2967 τροχαϊκήν
1149 2910 1315 2953 seclusi
1339 2912 1353 2966 ΙΙ
1380 2915 1431 2953 21
1466 2917 1556 2953 τῶν
1589 2923 1676 2953 om.
1712 2911 1747 2953 I
