2090 3158
159 1038 201 1069 10

159 1445 199 1477 15

157 1897 199 1928 20

234 147 337 199 122
921 150 1154 192 ΣΧοΛΙΑ
1185 150 1224 191 A

227 290 301 355 τῷ
343 284 444 353 μὲν
491 283 820 353 συνήρξατο,
876 291 950 356 τῷ
997 281 1056 336 δὲ
1105 284 1508 337 συνεπαύσατο·
1565 286 1652 338 διὸ
1708 283 1769 338 ἐν
1814 286 1916 352 μὲν

229 365 405 437 ἰάμβῳ
446 365 506 418 έν
544 374 663 428 ταῖς
699 365 1212 435 πρώταιςέτίθετο,
1254 365 1314 418 έν
1346 366 1407 418 δὲ
1438 373 1513 437 τῷ
1553 373 1821 439 τροχαϊκῷ
1854 365 1916 419 ἐν

226 455 344 509 ταῖς
384 445 678 514 δευτέραις.
745 448 930 510 κοινὸς
970 447 1031 500 δὲ
1071 446 1282 516 ἀμφοῖν
1319 445 1411 500 καὶ
1452 446 1481 500 ὁ
1524 448 1808 516 δάκτυλος,
1847 454 1922 520 τῷ

226 535 325 580 τοῦ
365 528 466 597 μὲν
506 522 647 581 εἶναι
687 528 877 598 ἀρχήν,
916 536 1015 580 τοῦ
1059 529 1119 581 δὲ
1158 526 1333 591 τέλοςε
1373 560 1446 566 -—
1470 527 1689 582 ACDI

337 612 578 662 καλεῖται
628 606 688 662 δὲ
735 610 767 678 ἡ
814 611 1078 678 ἐπιπλοκὴ
1127 609 1310 663 αὐτῶν
1355 613 1616 679 τρίσημος
1655 609 1687 679 ἣ
1730 609 1916 679 ἑξάση-

225 711 348 758 μος,
399 691 481 743 ὅτι
538 693 588 743 εἰ
630 692 732 758 μὲν
778 692 914 743 κατὰ
959 693 1303 757 μονοποδίαν
1349 693 1595 759 βαίνεται
1642 699 1813 745 ταῦτα
1851 694 1916 746 τὰ

224 771 417 841 μέτρα,
471 781 617 841 τρεῖς
667 775 903 842 χρόνους
948 769 1083 841 ἔχει,
1139 773 1186 825 εἰ
1234 769 1294 825 δὲ
1348 775 1485 826 κατὰ
1531 774 1792 826 διποδιάν
1839 772 1915 837 ἓξ·

226 855 486 922 σημασίαι
534 855 638 923 γὰρ
688 855 740 907 οἱ
786 856 979 924 χρόνοι
1030 853 1178 924 παρά
1216 863 1331 916 τοῖς
1370 864 1645 923 μετρικοῖς
1682 859 1916 908 καλοῦν-

225 955 326 987 ται.
354 967 422 972 -
448 934 538 988 καὶ
572 935 848 1004 ἀντιπαθῆ
884 935 945 988 δὲ
977 935 1189 1004 λέγεται
1228 943 1400 988 ταῦτα
1438 937 1505 988 τὰ
1546 935 1714 1005 μέτρα
1754 935 1916 1005 ἀλλή-

227 1020 363 1078 λοις·
403 1018 462 1069 τὸ
502 1014 604 1083 μὲν
634 1018 739 1087 γὰρ
780 1016 885 1070 ἀπὸ
919 1019 1176 1086 βραχείας
1216 1018 1437 1086 ἄρχεται
1468 1016 1559 1070 καὶ
1592 1019 1670 1080 εἰς
1700 1019 1916 1086 μακρὰν

228 1100 402 1166 λήγει,
465 1099 525 1150 τὸ
591 1095 651 1151 δὲ
705 1099 999 1168 τροχαϊκὸν
1054 1098 1160 1152 ἀπὸ
1215 1106 1424 1168 μακρᾶς
1479 1098 1785 1167 ἀρχόμενον
1841 1101 1916 1162 εἰς

225 1181 487 1248 βραχεῖαν
527 1183 701 1248 λ-ήγει;
743 1212 811 1216 -
838 1178 1060 1232 ACDI

339 1260 422 1329 18,
446 1261 482 1312 4
520 1261 950 1334 <v619026mh10v>2
989 1261 1380 1331 τετράχρονονε
1421 1292 1494 1299 -
1517 1261 1585 1314 Αἱ

339 1341 422 1410 18,
448 1342 480 1394 6
520 1344 814 1412 τροχαῖκὸν
854 1344 1114 1413 δι’μετρον
1151 1346 1549 1411 καταλήκτικόν
1582 1343 1694 1396 ἐστι
1726 1344 1788 1396 τὸ
1822 1364 1914 1396 κα-
1949 1355 2032 1394 156

225 1424 496 1491 λούμενον
534 1425 899 1494 Εὐριπίδειον
937 1424 969 1493 ἢ
1011 1425 1287 1493 ληκύθιον
1326 1425 1398 1487 ὡς
1437 1425 1496 1477 τὸ
1533 1424 1756 1495 (Phoen.
1782 1423 1913 1497 239)
1948 1433 2044 1493 [36]

491 1528 598 1574 νῦν
638 1519 703 1573 δέ
737 1541 832 1588 μοι
871 1523 976 1591 πρὸ
1018 1520 1259 1590 τειχέων,

225 1617 414 1669 ἁπλῶν
451 1619 642 1670 ποδῶν
680 1627 851 1686 τριῶν
889 1616 979 1670 καὶ
1019 1625 1146 1686 μιᾶς
1177 1621 1467 1686 συλλαβῆς.
1547 1620 1820 1687 ληκύθιον
1852 1619 1918 1672 δέ

224 1713 398 1766 φασιν
446 1699 577 1751 αὐτὸ
626 1699 658 1768 ἢ
699 1697 770 1751 δι’
821 1697 1211 1768 Ἀριστοφάνην
1252 1700 1574 1752 σκώπτοντα
1612 1701 1672 1753 τὸ
1711 1699 1914 1769 μέτρον

223 1780 283 1832 τὸ
325 1777 695 1850 ἑφθημιμερὲς
735 1781 1047 1849 Εὐριπίδου
1088 1781 1148 1833 τὸ
1189 1779 1346 1851 (Rau.
1375 1779 1540 1851 1233)

489 1882 654 1939 θοαῖς
692 1877 964 1930 ἵπποισιν·
1006 1877 1280 1945 ληκύθιον
1321 1877 1599 1930 ἀπώλεσεν

224 1973 255 2040 ἢ
297 1974 387 2025 διὰ
434 1973 532 2025 τὸν
578 1975 790 2042 βόμβον
836 1974 934 2026 τὸν
972 1975 1255 2041 τραγικόν·
1311 1976 1519 2042 βόμβος
1557 1975 1661 2043 γὰρ
1702 1975 1911 2042 γίνεται

223 2055 344 2123 περὶ
392 2055 452 2106 τὸ
503 2055 778 2123 ληκύθιον
825 2054 883 2106 ἐκ
928 2062 1028 2107 τοῦ
1070 2054 1524 2124 ἐμπεριεχομένου
1565 2055 1711 2125 αὐτῷ
1753 2055 1913 2125 ἀέρος

222 2135 555 2203 κινουμένου
590 2135 621 2203 ἢ
654 2136 760 2189 ὑπὸ
794 2136 1102 2204 πνεύματος
1135 2135 1339 2204 ἀνδρὸς
1369 2134 1401 2204 ἢ
1435 2136 1543 2188 ὑπὸ
1577 2137 1763 2189 ἄλλου.
1824 2138 1911 2190 διὸ

223 2215 311 2268 καὶ
346 2218 695 2285 Καλλίμαχος
725 2225 977 2284 μοῦσαν
1015 2220 1343 2286 ληκυθίαν
1369 2215 1454 2288 (fr.
1481 2216 1598 2289 980)
1632 2217 1778 2286 λέγει
1810 2220 1912 2287 τὴν

156 2319 176 2350 2
224 2299 549 2369 τραγῳδίαν.
605 2297 694 2350 καὶ
727 2299 1110 2367 αὐτολήκυθος
1135 2297 1266 2361 τέως
1291 2298 1525 2366 λέγεταιε
1549 2331 1622 2336 -
1647 2298 1865 2370 AC(D)
1881 2300 1919 2352 I

345 2493 363 2529 1
391 2491 499 2543 post
523 2488 605 2544 μὲν
631 2487 736 2530 add.
757 2490 787 2530 Ι
815 2487 979 2547 ἰάμβῳ,
1011 2490 1118 2544 post
1142 2489 1192 2533 δὲ
1219 2488 1325 2531 add.
1351 2486 1550 2547 τροχαίῳ
1579 2491 1584 2543 Ι
1614 2488 1909 2533 συνανεπαύ-

224 2560 333 2589 σατο
367 2549 481 2603 1112
513 2550 575 2603 τῷ
608 2561 695 2590 om.
721 2548 845 2603 DIss
870 2552 895 2589 8
929 2547 1035 2605 γὰρ]
1070 2547 1120 2591 δὲ
1146 2549 1209 2603 Il}
1235 2552 1259 2589 9
1292 2547 1350 2591 τὰ
1383 2562 1469 2597 om.
1498 2550 1542 2591 A
1565 2550 1579 2603 Η
1606 2553 1659 2590 13
1693 2548 1741 2590 in
1767 2549 1816 2590 D
1848 2547 1908 2590 ad

226 2609 293 2658 18,
312 2611 337 2648 4
369 2605 457 2649 hoc
491 2605 631 2650 schol.
659 2604 686 2661 ἢ
721 2605 950 2650 δάκτυλον
982 2605 1008 2662 ἢ
1034 2605 1326 2650 ἀνάπαιστον
1351 2604 1379 2662 ἢ
1405 2610 1653 2651 σπονδεῖον
1677 2609 1691 2662 ΙΙ
1719 2611 1772 2649 14
1803 2623 1908 2661 τρο-

223 2665 517 2719 χαϊκὸν-ΙἿ
546 2666 771 2723 συλλαβῆς
796 2679 881 2708 om.
899 2667 947 2709 D
971 2668 984 2722 ΙΙ
1013 2670 1064 2707 18
1091 2667 1346 2720 σκώψαντα
1371 2667 1419 2710 D
1443 2669 1457 2721 ΙΙ
1484 2671 1536 2708 19
1562 2665 1612 2709 τὸ
1638 2665 1824 2723 (alter.)]
1853 2669 1914 2725 τῷ

223 2722 365 2765 Pauw
388 2727 402 2779 ΙΙ
428 2728 483 2766 20
516 2723 728 2768 ἵπποισιν
761 2727 816 2778 Κ,
852 2723 965 2768 ΐππο
986 2759 994 2767 .
1017 2760 1053 2767 ..
1089 2726 1147 2778 Α,
1182 2723 1364 2768 ἵπποισι
1398 2726 1438 2778 Ι,
1472 2723 1633 2775 ἵπποις
1664 2725 1734 2778 D3
1767 2727 1907 2768 θοαῖ-

223 2796 296 2825 σιν
344 2780 503 2834 ἵπποις
547 2784 622 2826 Ar.
683 2787 688 2840 Ι
755 2781 783 2839 ἢ
803 2809 857 2815 -—
877 2788 930 2826 23
980 2783 1119 2827 ἄλλου
1167 2797 1253 2826 om.
1291 2784 1340 2827 D
1394 2786 1407 2839 Η
1463 2789 1516 2826 23
1558 2781 1833 2839 κινουμένου
1854 2810 1905 2815 -

222 2839 360 2884 ἄλλου
397 2855 484 2884 om.
522 2843 559 2887 C
607 2846 622 2898 ss
675 2848 730 2885 24
763 2842 915 2886 καὶ-
936 2848 988 2885 25
1025 2842 1203 2898 λέγεται
1235 2856 1321 2886 om.
1349 2843 1495 2896 AGI,
1541 2842 1622 2886 sed
1655 2842 1711 2885 cf.
1746 2841 1904 2886 Choer.

224 2903 292 2953 70,
312 2903 485 2955 201125
519 2901 859 2958 αὐτολήκυθος]
893 2901 948 2944 cf.
984 2901 1114 2944 Phot.
1149 2916 1183 2944 s.
1216 2916 1255 2944 v,
1289 2900 1495 2956 λήκυθος
