2090 3158
785 131 822 172 1.
856 131 1001 171 ΠΕΡΙ
1031 130 1283 172 ΚΟΙΝΗΣ.
1853 129 1882 180 7

193 263 472 331 ἐδείξαμεν
525 266 605 316 ἔτι
659 264 748 317 καὶ
802 262 940 334 παρ’
992 264 1140 336 αὐτῷ
1188 270 1263 336 τῷ
1310 266 1567 336 Κρατίνῳ
1622 265 1886 326 πολλάκις

158 409 162 412 .
193 341 388 414 οὖσαν,
427 345 500 408 ὡς
538 345 600 398 έν
638 346 1076 413 Κλεοβουλίναις
1116 342 1236 416 (87)

305 429 456 480 ἔστιν
494 427 684 494 ἄκμων
721 425 813 480 καὶ
855 434 1044 495 σφῦρα
1081 430 1276 498 νεανίᾳ
1315 428 1523 497 εὕτριχι
1563 428 1729 500 πώλῳ

191 508 283 561 καὶ
322 507 383 561 ἐν
424 510 745 571 Πανόπταις
784 507 942 579 (153)

302 591 502 659 κρανία
541 590 706 642 δισσὰ
744 599 961 659 φορεῖν,
1001 588 1283 659 ὀφθαλμοὶ
1318 589 1378 642 δ’
1409 586 1510 643 οὒκ
1542 589 1844 659 ἀριθματοί
1932 610 1952 642 5

192 668 282 723 καὶ
323 669 385 723 ἐν
410 667 604 738 ’Ὥραις
643 669 800 742 (260)

305 752 437 805 οὐδὲ
460 753 596 821 πρὸς
621 748 767 815 εἶδος
791 753 858 819 ἄρ
874 751 887 772 ’
909 748 980 820 ἦν
1012 749 1179 806 οὐδὲν
1211 754 1536 823 προσιδόντι
1561 755 1885 821 τεκμαρτόν·

60 841 158 900 [17]
193 835 371 896 ἄλλως
417 853 475 887 τε
528 832 620 886 καὶ
666 834 729 886 τὸ
785 832 1056 904 ἐλήλυμεν
1111 833 1392 902 ἐδείξαμεν
1445 833 1535 887 καὶ
1584 833 1646 888 ἐν
1699 836 1887 897 ἄλλοις

191 914 412 984 μέτροις
444 917 706 984 συνήθως
745 917 934 979 αὐτοῖς
967 919 1285 985 λεγόμενον,
1324 917 1397 978 ὡς
1428 917 1575 985 παρὰ
1609 915 1797 987 Ἀχαιῷ
1826 915 1886 968 ἐν

192 997 396 1068 Κύκνῳ
438 995 559 1068 (24)
1911 1017 1952 1049 10

303 1079 536 1132 Κύκνου
573 1079 638 1132 δὲ
665 1089 858 1148 πρῶτα
893 1080 1032 1146 πρὸς
1073 1080 1280 1146 δόμους
1320 1078 1606 1148 ἐλήλυμεν,

190 1158 328 1227 παρ’
382 1163 412 1232 9‘
474 1159 564 1212 καὶ
625 1161 687 1213 τὸ
748 1161 1010 1230 δεύτερόν
1071 1159 1222 1213 ἐστιν
1285 1160 1612 1223 ἀκολούθως
1672 1162 1885 1229 πρόσω-

190 1259 299 1294 πον
339 1240 458 1312 (43)

303 1324 523 1376 τοιοῦδε
563 1324 746 1394 φωτὸς
783 1324 922 1394 πρὸς
961 1325 1165 1392 δόμους
1205 1323 1445 1392 ε’λήλυτε.

378 1406 495 1474 (10)
533 1407 727 1475 Τρίτος
753 1404 819 1458 δέ
839 1406 952 1458 ἐστι
975 1407 1197 1475 τρόπος,
1230 1406 1362 1458 ὅταν
1386 1407 1614 1474 βραχεῖα
1639 1404 1884 1472 συλλαβὴ
1913 1425 1954 1458 1⁶

194 1487 376 1554 τελικη
429 1485 621 1550 λέξεως
666 1489 725 1555 ᾐ,
773 1487 844 1555 μὴ
898 1485 1312 1556 ἐπιφερομένων
1366 1495 1478 1539 τῶν
1531 1494 1625 1555 τῆς
1678 1493 1888 1555 μακρᾶς

194 1577 494 1635 ποιητικῶν
542 1568 886 1636 συμφώνων,
935 1566 1062 1621 αλλ’
1099 1569 1221 1636 ἤτοι
1269 1566 1391 1630 ενὸς
1436 1567 1468 1636 ἢ
1509 1568 1768 1639 μηδενός,
1815 1568 1887 1630 ὡς

192 1646 254 1702 ἐν
293 1655 367 1702 τῶ

378 1732 430 1783 οἱ
470 1728 531 1784 δὲ
569 1729 706 1798 μέγα
747 1732 991 1800 ἰάχοντες
1031 1729 1341 1801 ἐπέδραμον
1382 1729 1454 1802 (Ξ
1488 1729 1640 1801 421),

190 1811 223 1880 ἢ
1908 1834 2037 1866 20.

378 1894 550 1963 αὐτὰρ
584 1892 700 1946 ἐπεὶ
726 1899 969 1947 Δαναῶν
1001 1893 1189 1963 γένετο
1224 1895 1348 1964 ἰαχή
1378 1913 1436 1946 τε
1469 1893 1566 1963 (M
1585 1893 1689 1946 143
1716 1912 1791 1961 sq.
1815 1919 1883 1936 =

1308 1980 1354 2029 Ο
1393 1975 1501 2028 395
1528 1974 1647 2047 sq),

313 2112 365 2150 15
414 2107 556 2150 schol.
589 2106 638 2149 in
677 2106 811 2150 Dion.
845 2107 951 2150 Thr.
980 2111 1079 2162 909,
1106 2111 1161 2150 23
1203 2109 1275 2163 (=
1303 2111 1401 2160 511,
1438 2111 1550 2149 14—
1557 2109 1628 2163 17)
1677 2106 1700 2151 ὁ
1733 2104 1886 2162 τρίτος

190 2164 361 2221 τρόπος
391 2173 471 2222 τῆς
501 2171 664 2222 κοινῆς
695 2167 921 2224 συλλαβῆς
953 2164 1071 2209 ούτω
1097 2164 1287 2223 γίνεται,
1321 2164 1434 2210 ὅταν
1460 2168 1651 2225 βραχεῖα
1685 2167 1883 2223 συλλαβὴ

191 2225 343 2282 τελικὴ
383 2224 543 2278 λέξεως
582 2221 610 2284 ᾗ
651 2225 712 2282 μὴ
754 2224 1100 2299 ἐπιφερομένων
1141 2225 1330 2270 ἐκείνων
1369 2233 1460 2270 τῶν
1501 2226 1761 2282 συμφώνων
1792 2232 1884 2269 τῶν

191 2284 277 2357 τὴν
302 2285 486 2341 μακρὰν
513 2285 790 2338 ποιούντων,
816 2281 916 2328 ἀλλ’
944 2283 1045 2338 ἤτοι
1071 2284 1175 2336 ἐνὸς
1199 2302 1226 2341 η
1252 2283 1559 2342 μηδενός..
1587 2286 1647 2335 ὡς
1672 2285 1721 2328 ἐν
1744 2288 1806 2342 τῷ
1825 2284 1883 2334 οἱ

192 2342 244 2387 δὲ
276 2344 392 2401 μέγα
425 2344 636 2401 ἰάχοντες
668 2341 952 2418 ἐπέδραμον*
991 2345 1072 2388 καὶ
1105 2343 1236 2399 ,ἀτὰρ
1269 2349 1473 2388 Δαναῶν
1505 2342 1661 2401 γένετο
1695 2331 1805 2400 ἰαχή
1835 2359 1883 2387 τε

193 2400 341 2462 φόβος
372 2406 434 2447 τει
467 2404 545 2446 καὶ
578 2402 707 2459 ,ἀλλὰ
739 2402 796 2446 τά
828 2402 865 2461 γ’
902 2402 1116 2459 ασπαρτα
1142 2404 1222 2447 καὶ
1254 2402 1475 2459 ἀνήροτα“
1500 2403 1579 2447 καὶ
1614 2403 1663 2447 ἐν
1695 2407 1756 2446 τῶ
1788 2404 1883 2456 ,καὶ

192 2460 275 2518 μέν
309 2463 352 2507 οἱ
386 2463 552 2507 Λύκιοι
583 2461 771 2519 τέμενος
800 2462 975 2518 τάμονῆ

313 2592 337 2629 2
364 2591 466 2631 κλεο
443 2575 680 2690 οςβουλίνες
714 2588 814 2643 (sic)
843 2590 904 2643 ΙΙΙ
928 2593 955 2630 4
987 2589 1086 2646 καὶ]
1113 2589 1190 2631 καὶ
1219 2587 1360 2632 πάλιν
1393 2588 1457 2661 IN
1482 2594 1507 2631 5
1540 2585 1710 2642 κρανία
1736 2588 1881 2640 Koek,

193 2645 364 2701 κράνια
396 2661 448 2691 co
487 2647 516 2689 d
560 2650 564 2702 Ι
593 2645 846 2703 ἀριθμητοί
879 2647 1010 2690 Kock
1038 2650 1043 2703 Ι
1074 2653 1098 2690 6
1131 2648 1230 2705 καὶ]
1271 2649 1349 2691 καὶ
1382 2650 1522 2691 παλιν
1555 2649 1619 2703 ΙΙΙ
1645 2652 1668 2690 9
1703 2648 1879 2705 αυτοῖς]

187 2702 403 2756 Ἀττικοῖς
421 2705 575 2762 Bergk
593 2708 667 2762 (M
687 2707 762 2750 Rh
782 2711 893 2749 1842
919 2722 963 2762 p.
983 2709 1101 2759 377),
1134 2706 1189 2750 of.
1219 2707 1360 2750 schol
1365 2709 1394 2734 A
1435 2709 1449 2763 ΙΙ
1491 2711 1540 2749 11
1570 2706 1773 2762 δρόμους
1796 2707 1845 2749 I)
1868 2709 1882 2763 Ι)

196 2770 250 2808 14
275 2764 475 2820 δρόμους
499 2766 548 2808 D
571 2767 586 2821 ΙΙ
613 2771 665 2808 15
699 2767 806 2836 post
837 2764 1007 2820 τρόπος
1038 2767 1143 2808 add
1178 2773 1338 2822 κοινῆς
1366 2767 1591 2823 συλλαβῆς
1614 2767 1678 2821 ΙΙΙ
1707 2770 1759 2808 19
1786 2763 1883 2815 υἷες

193 2823 372 2879 ἀχαιῶν
405 2825 510 2867 add.
546 2826 579 2867 Ι
625 2828 639 2879 11
695 2829 751 2867 20
784 2822 810 2880 ὴ
845 2839 933 2868 om
967 2826 1002 2868 I
1048 2828 1062 2881 11
1118 2831 1171 2868 '21
1205 2823 1353 2880 θροός
1382 2842 1429 2869 τε
1463 2825 1570 2868 add.
1605 2827 1652 2878 I,
1693 2826 1773 2867 sed
1806 2838 1879 2881 ap.

194 2881 326 2926 Hom.
361 2882 508 2941 φόβος
538 2898 586 2926 τε
