2060 3168
189 118 298 207 270
767 157 1001 198 ΣΧοΛΙΑ
1030 157 1068 197 Β
1101 154 1196 212 (lib.
1223 154 1302 211 111)

186 290 276 343 καὶ
316 293 703 358 πεντάμετρον,
742 290 863 358 περὶ
898 286 976 342 ὧν
1011 291 1115 358 ἤδη
1157 290 1444 359 εἰρήσεται.
1506 290 1644 344 ἀλλὰ
1675 290 1870 346 ἀναλά-

186 375 371 441 βωμεν
409 373 632 426 ἄνωθεν
670 373 768 424 τὸν
808 373 990 438 λόγον.

297 456 731 523 Μονόμετρον
767 453 867 518 μὲν
900 448 1004 504 οὖν
1035 453 1327 520 τροχαϊκὸν
1358 455 1874 524 βραχυκατάληκτον

186 535 258 598 ὡς
297 543 482 588 τοῦτο·

140 637 160 669 5
411 618 550 679 Ζεύς
587 637 666 685 με.

186 697 559 766 ἀκατάληκτον
600 698 660 750 δὲ
699 697 771 759 ὡς
810 698 958 749 τόδε·

405 781 672 849 κάρφεται
714 779 833 848 γάρ.

181 862 575 928 καταληκτικὸν
616 860 676 913 δὲ
716 853 857 912 οἷον·

409 946 516 994 Ζεῦ
555 943 739 1009 πάτερ.

116 1044 158 1076 ιο
183 1024 662 1092 ὑπερκατάληκτον
703 1020 762 1075 δὲ
804 1023 876 1084 ὡς
914 1024 1060 1075 τόδε·

402 1103 614 1174 ἔρχεται
655 1105 841 1166 πολύς.

179 1188 509 1255 Δίμετρον
564 1183 624 1238 δὲ
678 1187 1197 1255 βραχυκατάληκτον
1250 1185 1350 1251 μὲν
1405 1186 1477 1248 ὡς
1530 1194 1693 1239 τοῦτο
1746 1186 1867 1259 (Ar-

180 1267 300 1320 chil.
335 1266 464 1338 100)

400 1351 666 1418 κάρφεται
705 1350 809 1416 γὰρ
851 1350 955 1417 ἤδη
997 1347 1091 1419 (=
1126 1346 1338 1418 Heph.).

113 1449 152 1482 15
177 1438 339 1482 τοῦτο
388 1428 448 1483 δὲ
493 1429 584 1483 καὶ
634 1431 1007 1499 ἰθυφαλλικὸν
1051 1433 1308 1482 καλεῖται.
1386 1430 1759 1499 ἀκατάληπτον
1805 1430 1866 1485 δὲ

178 1513 249 1574 ὡς
287 1513 432 1564 τόδε·

399 1592 529 1646 οὐδ’
567 1593 848 1662 Ἀμειψίαν
888 1593 1064 1660 ὁρᾶτε.

176 1675 571 1743 καταληκτικὸν
611 1675 671 1727 δὲ
711 1675 783 1737 ὡς
822 1676 948 1727 τόδε
989 1673 1137 1746 (Eur.
1165 1674 1363 1727 Phoen.
1389 1675 1521 1746 239)

398 1764 504 1808 νῦν
544 1755 608 1809 δέ
644 1777 737 1823 μοι
776 1758 882 1826 πρὸ
923 1756 1146 1825 τειχέων
1186 1754 1279 1828 (=
1309 1755 1523 1827 Heph.).

108 1857 150 1888 20
175 1838 654 1907 ὑπερκατάληκτον
694 1838 755 1890 δὲ
795 1831 937 1891 οἷον·

398 1918 529 1971 οὐδ’
570 1918 846 1985 Ἀμειψίαν
886 1921 1046 1990 ὁρᾶτε
1086 1928 1206 1972 νῦν.

182 2002 541 2070 Τρίμετρον
582 2001 642 2053 δὲ
681 2003 1201 2070 βραχυκατάληκτον
1239 2001 1341 2068 μὲν
1381 2002 1452 2063 ὡς
1491 2009 1675 2054 τοῦτο·

396 2079 513 2134 οὐδ’
555 2080 835 2150 Ἀμειψίαν
876 2083 1036 2152 ὁρᾶτε
1075 2085 1306 2151 πτωχόν.

173 2162 546 2231 ἀκατάληκτον
588 2163 649 2215 δὲ
689 2157 830 2216 οἷον·

106 2264 148 2295 25
394 2251 501 2296 νῦν
541 2244 604 2296 δέ
639 2266 732 2311 μοι
772 2248 877 2314 πρὸ
919 2246 1140 2315 τειχέων
1178 2246 1465 2315 ’ἱ-θούριος
1489 2243 1658 2314 Ἄρης.
1891 2254 2010 2308 (160)

172 2327 565 2393 καταληκτικὸν
606 2327 667 2378 δὲ
706 2327 777 2388 ὡς
816 2335 998 2395 τοῦτο,
1050 2327 1077 2379 ὃ
1118 2326 1208 2380 καὶ
1251 2330 1450 2396 ἴαμβον
1490 2330 1697 2396 ἔφαμεν
1738 2327 1857 2380 ἀκέ-

173 2411 353 2474 φαλον
393 2410 682 2460 καλεῖσθαι
723 2406 949 2479 (Archil.
984 2405 1100 2477 99)·

397 2493 505 2541 Ζεῦ
538 2490 724 2559 πάτερ,
749 2490 926 2558 γάμον
950 2490 1051 2557 μὲν
1076 2490 1177 2542 οὐκ
1202 2488 1502 2557 ἑδαισάμην
1527 2486 1620 2559 (=
1639 2487 1853 2559 Heph.).
1890 2501 1941 2539 12

171 2568 649 2639 ὑπερκατάληκτον
690 2571 750 2622 δὲ
790 2563 931 2622 οἷον·

104 2670 147 2702 30
393 2653 604 2720 ἔρχεται
645 2653 817 2713 πολὺς
855 2652 956 2720 μὲν
996 2653 1235 2719 Αἰγαῖον
1275 2650 1543 2719 ὃιανήξας.

291 2851 343 2888 25
378 2846 401 2889 ὁ
428 2850 605 2901 θοῦρος
630 2847 756 2891 Caes.
783 2850 796 2903 ΙΙ
823 2852 876 2890 28
911 2848 1168 2905 ἐὸαισάμην
1192 2848 1357 2904 ΗΘΡΙΙ.,
1392 2846 1627 2904 ἐδησάμην
1653 2848 1713 2901 Χ,
1748 2848 1850 2891 ἐδυ-

171 2903 320 2961 σάμην
356 2906 431 2961 ΥΙΙ
456 2910 511 2948 30
545 2906 797 2961 διατμήξας
827 2908 965 2950 Anth.
993 2907 1089 2950 Pal.
