<?xml version="1.0" encoding="UTF-8"?>
<!DOCTYPE html PUBLIC "-//W3C//DTD XHTML 1.0 Transitional//EN"
    "http://www.w3.org/TR/xhtml1/DTD/xhtml1-transitional.dtd">
<html xmlns="http://www.w3.org/1999/xhtml" xml:lang="en" lang="en">
 <head>
  <title>
</title>
<meta http-equiv="Content-Type" content="text/html;charset=utf-8" />
  <meta name='ocr-system' content='tesseract 3.04.00' />
  <meta name='ocr-capabilities' content='ocr_page ocr_carea ocr_par ocr_line ocrx_word'/>
</head>
<body>
  <div class='ocr_page' id='page_1' title='image "./hephaestionisenc00hephuoft_0170.png"; bbox 0 0 2090 3158; ppageno 0'>
   <div class='ocr_carea' id='block_1_1' title="bbox 168 1045 209 1075">
    <p class='ocr_par' dir='ltr' id='par_1_1' title="bbox 168 1045 209 1075">
     <span class='ocr_line' id='line_1_1' title="bbox 168 1045 209 1075; baseline 0 0"><span class='ocrx_word' id='word_1_1' title='bbox 168 1045 209 1075; x_wconf 90' lang='grc'><em>10</em></span> 
     </span>
    </p>
   </div>
   <div class='ocr_carea' id='block_1_2' title="bbox 170 1450 210 1481">
    <p class='ocr_par' dir='ltr' id='par_1_2' title="bbox 170 1450 210 1481">
     <span class='ocr_line' id='line_1_2' title="bbox 170 1450 210 1481; baseline 0 0"><span class='ocrx_word' id='word_1_2' title='bbox 170 1450 210 1481; x_wconf 91' lang='grc'><em>15</em></span> 
     </span>
    </p>
   </div>
   <div class='ocr_carea' id='block_1_3' title="bbox 173 1908 215 1938">
    <p class='ocr_par' dir='ltr' id='par_1_3' title="bbox 173 1908 215 1938">
     <span class='ocr_line' id='line_1_3' title="bbox 173 1908 215 1938; baseline 0 0"><span class='ocrx_word' id='word_1_3' title='bbox 173 1908 215 1938; x_wconf 77' lang='grc'><em>20</em></span> 
     </span>
    </p>
   </div>
   <div class='ocr_carea' id='block_1_4' title="bbox 231 154 1230 207">
    <p class='ocr_par' dir='ltr' id='par_1_4' title="bbox 231 154 1230 207">
     <span class='ocr_line' id='line_1_4' title="bbox 231 154 1230 207; baseline -0.016 1"><span class='ocrx_word' id='word_1_4' title='bbox 231 155 338 207; x_wconf 84' lang='lat'><em>136</em></span> <span class='ocrx_word' id='word_1_5' title='bbox 906 154 1159 201; x_wconf 75' lang='grc' dir='ltr'>,ΣΧΟΛΙΑ</span> <span class='ocrx_word' id='word_1_6' title='bbox 1191 155 1230 194; x_wconf 84' lang='lat' dir='ltr'><strong><em>A</em></strong></span> 
     </span>
    </p>
   </div>
   <div class='ocr_carea' id='block_1_5' title="bbox 229 287 1922 1252">
    <p class='ocr_par' dir='ltr' id='par_1_5' title="bbox 229 287 1920 764">
     <span class='ocr_line' id='line_1_5' title="bbox 340 287 1918 358; baseline -0.001 -16"><span class='ocrx_word' id='word_1_7' title='bbox 340 289 426 358; x_wconf 91' lang='grc'>28,</span> <span class='ocrx_word' id='word_1_8' title='bbox 453 289 486 342; x_wconf 86' lang='lat'><strong>3</strong></span> <span class='ocrx_word' id='word_1_9' title='bbox 542 290 677 342; x_wconf 84' lang='grc' dir='ltr'><em>κατὰ</em></span> <span class='ocrx_word' id='word_1_10' title='bbox 732 289 993 341; x_wconf 77' lang='grc' dir='ltr'><em>διποὸίαν</em></span> <span class='ocrx_word' id='word_1_11' title='bbox 1041 288 1142 356; x_wconf 81' lang='grc' dir='ltr'><em>γὰρ</em></span> <span class='ocrx_word' id='word_1_12' title='bbox 1191 288 1564 356; x_wconf 78' lang='grc' dir='ltr'><em>μετρούμενον</em></span> <span class='ocrx_word' id='word_1_13' title='bbox 1611 287 1918 356; x_wconf 86' lang='grc' dir='ltr'><em>εὑρίσκεται</em></span> 
     </span>
     <span class='ocr_line' id='line_1_6' title="bbox 230 365 1917 440; baseline -0.002 -16"><span class='ocrx_word' id='word_1_14' title='bbox 230 373 488 440; x_wconf 80' lang='grc' dir='ltr'><em>δι’μετρον</em></span> <span class='ocrx_word' id='word_1_15' title='bbox 529 371 919 437; x_wconf 71' lang='grc' dir='ltr'><em>ἀκατάληπτον,</em></span> <span class='ocrx_word' id='word_1_16' title='bbox 961 367 1245 421; x_wconf 81' lang='grc' dir='ltr'><em>τουτέστιν</em></span> <span class='ocrx_word' id='word_1_17' title='bbox 1283 365 1412 436; x_wconf 78' lang='grc' dir='ltr'><em>ἔχον</em></span> <span class='ocrx_word' id='word_1_18' title='bbox 1450 369 1692 431; x_wconf 82' lang='grc' dir='ltr'><em>τελείους</em></span> <span class='ocrx_word' id='word_1_19' title='bbox 1730 367 1917 421; x_wconf 86' lang='grc' dir='ltr'><em>τέσσα-</em></span> 
     </span>
     <span class='ocr_line' id='line_1_7' title="bbox 230 446 1918 522; baseline -0.001 -18"><span class='ocrx_word' id='word_1_20' title='bbox 230 473 328 522; x_wconf 88' lang='grc' dir='ltr'><em>ρας</em></span> <span class='ocrx_word' id='word_1_21' title='bbox 367 451 751 511; x_wconf 83' lang='grc' dir='ltr'><em>ἀναπαίστους.</em></span> <span class='ocrx_word' id='word_1_22' title='bbox 778 481 848 486; x_wconf 88' lang='lat'><strong>—</strong></span> <span class='ocrx_word' id='word_1_23' title='bbox 878 451 1097 511; x_wconf 81' lang='grc' dir='ltr'><em>εἰκότως</em></span> <span class='ocrx_word' id='word_1_24' title='bbox 1130 446 1190 501; x_wconf 79' lang='grc' dir='ltr'><em>δὲ</em></span> <span class='ocrx_word' id='word_1_25' title='bbox 1223 447 1284 501; x_wconf 79' lang='grc' dir='ltr'><em>ἐν</em></span> <span class='ocrx_word' id='word_1_26' title='bbox 1316 459 1430 511; x_wconf 88' lang='grc' dir='ltr'><em>τοῖς</em></span> <span class='ocrx_word' id='word_1_27' title='bbox 1461 455 1918 518; x_wconf 81' lang='grc' dir='ltr'><em>προκελευσματι-</em></span> 
     </span>
     <span class='ocr_line' id='line_1_8' title="bbox 229 528 1919 600; baseline -0.002 -14"><span class='ocrx_word' id='word_1_28' title='bbox 229 541 344 595; x_wconf 90' lang='grc' dir='ltr'><em>κοῖς</em></span> <span class='ocrx_word' id='word_1_29' title='bbox 383 533 480 585; x_wconf 88' lang='grc' dir='ltr'><em>τὸν</em></span> <span class='ocrx_word' id='word_1_30' title='bbox 528 533 767 599; x_wconf 77' lang='grc' dir='ltr'><em>λήγοντα</em></span> <span class='ocrx_word' id='word_1_31' title='bbox 813 528 1000 593; x_wconf 81' lang='grc' dir='ltr'><em>ἔταξεν</em></span> <span class='ocrx_word' id='word_1_32' title='bbox 1040 530 1402 597; x_wconf 71' lang='grc' dir='ltr'><em>ἀνάπαιστον,</em></span> <span class='ocrx_word' id='word_1_33' title='bbox 1451 532 1543 583; x_wconf 82' lang='grc' dir='ltr'><em>ἵνα</em></span> <span class='ocrx_word' id='word_1_34' title='bbox 1581 532 1652 600; x_wconf 88' lang='grc' dir='ltr'><em>μὴ</em></span> <span class='ocrx_word' id='word_1_35' title='bbox 1694 530 1919 597; x_wconf 79' lang='grc' dir='ltr'><em>δόξειεν,</em></span> 
     </span>
     <span class='ocr_line' id='line_1_9' title="bbox 231 610 1920 682; baseline -0.001 -15"><span class='ocrx_word' id='word_1_36' title='bbox 231 615 313 667; x_wconf 84' lang='grc' dir='ltr'><em>ὅτι</em></span> <span class='ocrx_word' id='word_1_37' title='bbox 354 614 621 674; x_wconf 82' lang='grc' dir='ltr'><em>δάκτυλός</em></span> <span class='ocrx_word' id='word_1_38' title='bbox 663 610 815 664; x_wconf 81' lang='grc' dir='ltr'><em>ἐστιν</em></span> <span class='ocrx_word' id='word_1_39' title='bbox 847 611 875 664; x_wconf 89' lang='grc' dir='ltr'>ὁ</span> <span class='ocrx_word' id='word_1_40' title='bbox 914 612 1202 673; x_wconf 79' lang='grc' dir='ltr'><em>διαλυθεὶς</em></span> <span class='ocrx_word' id='word_1_41' title='bbox 1233 611 1265 679; x_wconf 76' lang='grc' dir='ltr'>ἢ</span> <span class='ocrx_word' id='word_1_42' title='bbox 1299 613 1462 674; x_wconf 80' lang='grc' dir='ltr'><em>ἄλλος</em></span> <span class='ocrx_word' id='word_1_43' title='bbox 1505 613 1791 682; x_wconf 83' lang='grc' dir='ltr'><em>ἰσόχρονος</em></span> <span class='ocrx_word' id='word_1_44' title='bbox 1829 613 1920 665; x_wconf 86' lang='grc' dir='ltr'><em>καὶ</em></span> 
     </span>
     <span class='ocr_line' id='line_1_10' title="bbox 234 692 1179 764; baseline -0.004 -16"><span class='ocrx_word' id='word_1_45' title='bbox 234 693 356 764; x_wconf 84' lang='grc' dir='ltr'><em>οὐχὶ</em></span> <span class='ocrx_word' id='word_1_46' title='bbox 399 694 426 747; x_wconf 90' lang='grc' dir='ltr'>ὁ</span> <span class='ocrx_word' id='word_1_47' title='bbox 469 693 821 755; x_wconf 82' lang='grc' dir='ltr'><em>ἀνάπαιστος;</em></span> <span class='ocrx_word' id='word_1_48' title='bbox 870 723 926 728; x_wconf 91' lang='grc'>-</span> <span class='ocrx_word' id='word_1_49' title='bbox 958 692 1179 746; x_wconf 80' lang='lat' dir='ltr'><strong><em>ACDI</em></strong></span> 
     </span>
    </p>

    <p class='ocr_par' dir='ltr' id='par_1_6' title="bbox 232 772 1920 927">
     <span class='ocr_line' id='line_1_11' title="bbox 343 772 1920 846; baseline -0.001 -17"><span class='ocrx_word' id='word_1_50' title='bbox 343 777 478 844; x_wconf 87' lang='grc'>28,9</span> <span class='ocrx_word' id='word_1_51' title='bbox 515 774 603 846; x_wconf 76' lang='lat' dir='ltr'>(of.</span> <span class='ocrx_word' id='word_1_52' title='bbox 630 775 717 843; x_wconf 86' lang='grc'>24,</span> <span class='ocrx_word' id='word_1_53' title='bbox 742 772 799 844; x_wconf 83' lang='lat'><em>3)</em></span> <span class='ocrx_word' id='word_1_54' title='bbox 833 775 893 827; x_wconf 91' lang='grc' dir='ltr'><em>τὸ</em></span> <span class='ocrx_word' id='word_1_55' title='bbox 926 776 1027 843; x_wconf 82' lang='grc' dir='ltr'><em>τὴν</em></span> <span class='ocrx_word' id='word_1_56' title='bbox 1058 777 1377 827; x_wconf 80' lang='grc' dir='ltr'><em>τελευταίαν</em></span> <span class='ocrx_word' id='word_1_57' title='bbox 1409 777 1675 842; x_wconf 81' lang='grc' dir='ltr'><em>συζυγίαν</em></span> <span class='ocrx_word' id='word_1_58' title='bbox 1706 787 1920 844; x_wconf 86' lang='grc' dir='ltr'><em>τροχαῖ-</em></span> 
     </span>
     <span class='ocr_line' id='line_1_12' title="bbox 232 855 860 927; baseline -0.003 -17"><span class='ocrx_word' id='word_1_59' title='bbox 232 860 333 927; x_wconf 85' lang='grc' dir='ltr'><em>κὴν</em></span> <span class='ocrx_word' id='word_1_60' title='bbox 372 856 521 926; x_wconf 69' lang='grc' dir='ltr'><em>ἔχοντ</em></span> <span class='ocrx_word' id='word_1_61' title='bbox 563 888 632 893; x_wconf 90' lang='lat'><em>——</em></span> <span class='ocrx_word' id='word_1_62' title='bbox 658 855 860 909; x_wconf 78' lang='lat' dir='ltr'><strong><em>AC⁹D</em></strong></span> 
     </span>
    </p>

    <p class='ocr_par' dir='ltr' id='par_1_7' title="bbox 235 936 1921 1073">
     <span class='ocr_line' id='line_1_13' title="bbox 343 936 1921 1009; baseline -0.001 -18"><span class='ocrx_word' id='word_1_63' title='bbox 343 939 437 1006; x_wconf 92' lang='grc'>28,</span> <span class='ocrx_word' id='word_1_64' title='bbox 466 939 534 991; x_wconf 86' lang='grc'><em>10</em></span> <span class='ocrx_word' id='word_1_65' title='bbox 592 940 791 1006; x_wconf 79' lang='grc' dir='ltr'><em>ἴαμβον</em></span> <span class='ocrx_word' id='word_1_66' title='bbox 847 940 974 1006; x_wconf 82' lang='grc' dir='ltr'><em>ἔχον</em></span> <span class='ocrx_word' id='word_1_67' title='bbox 1030 936 1089 989; x_wconf 84' lang='grc' dir='ltr'><em>ἐν</em></span> <span class='ocrx_word' id='word_1_68' title='bbox 1142 943 1216 1009; x_wconf 79' lang='grc' dir='ltr'><em>τῷ</em></span> <span class='ocrx_word' id='word_1_69' title='bbox 1265 936 1406 990; x_wconf 85' lang='grc' dir='ltr'><em>τέλει</em></span> <span class='ocrx_word' id='word_1_70' title='bbox 1461 936 1552 990; x_wconf 87' lang='grc' dir='ltr'><em>καὶ</em></span> <span class='ocrx_word' id='word_1_71' title='bbox 1606 936 1921 1007; x_wconf 77' lang='grc' dir='ltr'><em>κατάληξινε</em></span> 
     </span>
     <span class='ocr_line' id='line_1_14' title="bbox 235 1019 529 1073; baseline -0.003 0"><span class='ocrx_word' id='word_1_72' title='bbox 235 1053 303 1058; x_wconf 89' lang='grc'>-</span> <span class='ocrx_word' id='word_1_73' title='bbox 328 1020 464 1073; x_wconf 69' lang='lat' dir='ltr'><em>AC⁹</em></span> <span class='ocrx_word' id='word_1_74' title='bbox 473 1019 529 1072; x_wconf 90' lang='lat' dir='ltr'><em>D</em></span> 
     </span>
    </p>

    <p class='ocr_par' dir='ltr' id='par_1_8' title="bbox 234 1096 1922 1252">
     <span class='ocr_line' id='line_1_15' title="bbox 345 1096 1922 1172; baseline -0.001 -19"><span class='ocrx_word' id='word_1_75' title='bbox 345 1102 430 1169; x_wconf 94' lang='grc'>28,</span> <span class='ocrx_word' id='word_1_76' title='bbox 459 1101 527 1153; x_wconf 89' lang='grc'><em>10</em></span> <span class='ocrx_word' id='word_1_77' title='bbox 582 1101 889 1168; x_wconf 86' lang='grc' dir='ltr'><em>εὑρίσκεται</em></span> <span class='ocrx_word' id='word_1_78' title='bbox 946 1096 1049 1152; x_wconf 84' lang='grc' dir='ltr'><em>οὖν</em></span> <span class='ocrx_word' id='word_1_79' title='bbox 1102 1101 1238 1169; x_wconf 89' lang='grc' dir='ltr'><em>πρὸς</em></span> <span class='ocrx_word' id='word_1_80' title='bbox 1284 1106 1358 1172; x_wconf 78' lang='grc' dir='ltr'><em>τῷ</em></span> <span class='ocrx_word' id='word_1_81' title='bbox 1400 1099 1540 1153; x_wconf 81' lang='grc' dir='ltr'><em>τέλει</em></span> <span class='ocrx_word' id='word_1_82' title='bbox 1591 1102 1783 1169; x_wconf 75' lang='grc' dir='ltr'><em>ἴαμβος</em></span> <span class='ocrx_word' id='word_1_83' title='bbox 1832 1101 1922 1152; x_wconf 81' lang='grc' dir='ltr'><em>καὶ</em></span> 
     </span>
     <span class='ocr_line' id='line_1_16' title="bbox 234 1176 1922 1252; baseline -0.002 -16"><span class='ocrx_word' id='word_1_84' title='bbox 234 1187 331 1252; x_wconf 91' lang='grc' dir='ltr'><em>μία</em></span> <span class='ocrx_word' id='word_1_85' title='bbox 363 1184 627 1251; x_wconf 85' lang='grc' dir='ltr'><em>συλλαβή,</em></span> <span class='ocrx_word' id='word_1_86' title='bbox 660 1182 752 1234; x_wconf 85' lang='grc' dir='ltr'><em>ἴνα</em></span> <span class='ocrx_word' id='word_1_87' title='bbox 783 1176 817 1250; x_wconf 79' lang='grc' dir='ltr'><em>ᾗ</em></span> <span class='ocrx_word' id='word_1_88' title='bbox 849 1182 1246 1249; x_wconf 85' lang='grc' dir='ltr'><em>καταληκτικὸν</em></span> <span class='ocrx_word' id='word_1_89' title='bbox 1278 1183 1355 1244; x_wconf 83' lang='grc' dir='ltr'><em>εἰς</em></span> <span class='ocrx_word' id='word_1_90' title='bbox 1387 1183 1682 1250; x_wconf 84' lang='grc' dir='ltr'><em>συλλαβήν.</em></span> <span class='ocrx_word' id='word_1_91' title='bbox 1710 1213 1778 1218; x_wconf 83' lang='grc'><strong>-</strong></span> <span class='ocrx_word' id='word_1_92' title='bbox 1810 1180 1922 1234; x_wconf 84' lang='grc' dir='ltr'><em>ἐπεὶ</em></span> 
     </span>
    </p>
   </div>
   <div class='ocr_carea' id='block_1_6' title="bbox 155 1262 1925 1335">
    <p class='ocr_par' dir='ltr' id='par_1_9' title="bbox 155 1262 1925 1335">
     <span class='ocr_line' id='line_1_17' title="bbox 155 1262 1925 1335; baseline -0.002 -17"><span class='ocrx_word' id='word_1_93' title='bbox 155 1273 159 1276; x_wconf 82' lang='grc'><strong>’</strong></span> <span class='ocrx_word' id='word_1_94' title='bbox 234 1264 322 1318; x_wconf 84' lang='grc' dir='ltr'><em>καὶ</em></span> <span class='ocrx_word' id='word_1_95' title='bbox 371 1266 547 1334; x_wconf 81' lang='grc' dir='ltr'><em>χαίρει</em></span> <span class='ocrx_word' id='word_1_96' title='bbox 594 1269 668 1335; x_wconf 80' lang='grc' dir='ltr'><em>τῷ</em></span> <span class='ocrx_word' id='word_1_97' title='bbox 713 1263 887 1334; x_wconf 77' lang='grc' dir='ltr'><em>ἰάμβῳ</em></span> <span class='ocrx_word' id='word_1_98' title='bbox 937 1262 965 1316; x_wconf 89' lang='grc' dir='ltr'>ὁ</span> <span class='ocrx_word' id='word_1_99' title='bbox 1015 1262 1346 1325; x_wconf 82' lang='grc' dir='ltr'><em>ἀνάπαιστος</em></span> <span class='ocrx_word' id='word_1_100' title='bbox 1397 1263 1469 1325; x_wconf 87' lang='grc' dir='ltr'><em>ὡς</em></span> <span class='ocrx_word' id='word_1_101' title='bbox 1515 1262 1620 1316; x_wconf 79' lang='grc' dir='ltr'><em>ἀπὸ</em></span> <span class='ocrx_word' id='word_1_102' title='bbox 1669 1264 1925 1332; x_wconf 80' lang='grc' dir='ltr'><em>βραχείας</em></span> 
     </span>
    </p>
   </div>
   <div class='ocr_carea' id='block_1_7' title="bbox 236 1343 1926 1738">
    <p class='ocr_par' dir='ltr' id='par_1_10' title="bbox 236 1343 1926 1738">
     <span class='ocr_line' id='line_1_18' title="bbox 236 1343 1924 1417; baseline -0.001 -19"><span class='ocrx_word' id='word_1_103' title='bbox 236 1344 536 1417; x_wconf 78' lang='grc' dir='ltr'><em>ἀρχομένῳ,</em></span> <span class='ocrx_word' id='word_1_104' title='bbox 578 1344 759 1413; x_wconf 80' lang='grc' dir='ltr'><em>ὥσπερ</em></span> <span class='ocrx_word' id='word_1_105' title='bbox 801 1343 829 1396; x_wconf 87' lang='grc' dir='ltr'>ὁ</span> <span class='ocrx_word' id='word_1_106' title='bbox 870 1345 1137 1406; x_wconf 83' lang='grc' dir='ltr'><em>δάκτυλος</em></span> <span class='ocrx_word' id='word_1_107' title='bbox 1175 1351 1249 1416; x_wconf 79' lang='grc' dir='ltr'><em>τῷ</em></span> <span class='ocrx_word' id='word_1_108' title='bbox 1282 1348 1516 1416; x_wconf 80' lang='grc' dir='ltr'><em>τροχαίῳ</em></span> <span class='ocrx_word' id='word_1_109' title='bbox 1558 1345 1649 1397; x_wconf 80' lang='grc' dir='ltr'><em>διὰ</em></span> <span class='ocrx_word' id='word_1_110' title='bbox 1687 1346 1788 1413; x_wconf 84' lang='grc' dir='ltr'><em>τὴν</em></span> <span class='ocrx_word' id='word_1_111' title='bbox 1825 1364 1924 1413; x_wconf 91' lang='grc' dir='ltr'><em>μα-</em></span> 
     </span>
     <span class='ocr_line' id='line_1_19' title="bbox 236 1424 754 1492; baseline -0.004 -13"><span class='ocrx_word' id='word_1_112' title='bbox 236 1427 397 1492; x_wconf 85' lang='grc' dir='ltr'><em>κράν;</em></span> <span class='ocrx_word' id='word_1_113' title='bbox 439 1458 508 1463; x_wconf 89' lang='lat'><em>-—</em></span> <span class='ocrx_word' id='word_1_114' title='bbox 533 1424 754 1479; x_wconf 80' lang='lat' dir='ltr'><strong><em>ACDI</em></strong></span> 
     </span>
     <span class='ocr_line' id='line_1_20' title="bbox 347 1506 1926 1576; baseline 0.001 -17"><span class='ocrx_word' id='word_1_115' title='bbox 347 1507 432 1576; x_wconf 91' lang='grc'><em>28,</em></span> <span class='ocrx_word' id='word_1_116' title='bbox 451 1508 518 1559; x_wconf 90' lang='grc'><em>12</em></span> <span class='ocrx_word' id='word_1_117' title='bbox 551 1506 579 1560; x_wconf 91' lang='grc' dir='ltr'>ὁ</span> <span class='ocrx_word' id='word_1_118' title='bbox 606 1508 791 1576; x_wconf 75' lang='grc' dir='ltr'><em>ἅρχων</em></span> <span class='ocrx_word' id='word_1_119' title='bbox 823 1508 962 1568; x_wconf 88' lang='grc' dir='ltr'><em>ποὺς</em></span> <span class='ocrx_word' id='word_1_120' title='bbox 989 1507 1323 1575; x_wconf 79' lang='grc' dir='ltr'><em>δισύλλαβος</em></span> <span class='ocrx_word' id='word_1_121' title='bbox 1348 1509 1401 1559; x_wconf 90' lang='grc' dir='ltr'><em>ει’</em></span> <span class='ocrx_word' id='word_1_122' title='bbox 1424 1509 1685 1574; x_wconf 84' lang='grc' dir='ltr'><em>συμβαιή;</em></span> <span class='ocrx_word' id='word_1_123' title='bbox 1705 1506 1926 1560; x_wconf 71' lang='grc' dir='ltr'><em>-ΑΟΙΙ</em></span> 
     </span>
     <span class='ocr_line' id='line_1_21' title="bbox 349 1587 1925 1658; baseline -0.001 -16"><span class='ocrx_word' id='word_1_124' title='bbox 349 1589 435 1658; x_wconf 84' lang='grc'>28,</span> <span class='ocrx_word' id='word_1_125' title='bbox 463 1589 532 1640; x_wconf 85' lang='grc'><em>10</em></span> <span class='ocrx_word' id='word_1_126' title='bbox 571 1590 824 1656; x_wconf 84' lang='grc' dir='ltr'><em>βακχεῖος</em></span> <span class='ocrx_word' id='word_1_127' title='bbox 864 1587 923 1640; x_wconf 80' lang='grc' dir='ltr'><em>ἐκ</em></span> <span class='ocrx_word' id='word_1_128' title='bbox 959 1590 1216 1657; x_wconf 85' lang='grc' dir='ltr'><em>βραχείας</em></span> <span class='ocrx_word' id='word_1_129' title='bbox 1247 1587 1337 1640; x_wconf 84' lang='grc' dir='ltr'><em>καὶ</em></span> <span class='ocrx_word' id='word_1_130' title='bbox 1371 1590 1473 1641; x_wconf 83' lang='grc' dir='ltr'><em>δύο</em></span> <span class='ocrx_word' id='word_1_131' title='bbox 1506 1598 1751 1657; x_wconf 73' lang='grc' dir='ltr'><em>μακρῶνε</em></span> <span class='ocrx_word' id='word_1_132' title='bbox 1783 1589 1925 1640; x_wconf 79' lang='lat' dir='ltr'><em>—A</em></span> 
     </span>
     <span class='ocr_line' id='line_1_22' title="bbox 350 1667 1926 1738; baseline -0.001 -16"><span class='ocrx_word' id='word_1_133' title='bbox 350 1671 437 1738; x_wconf 83' lang='grc'>28,</span> <span class='ocrx_word' id='word_1_134' title='bbox 463 1670 534 1722; x_wconf 83' lang='lat'><em>23</em></span> <span class='ocrx_word' id='word_1_135' title='bbox 577 1670 634 1722; x_wconf 77' lang='grc' dir='ltr'><em>οἱ</em></span> <span class='ocrx_word' id='word_1_136' title='bbox 671 1667 788 1738; x_wconf 79' lang='grc' dir='ltr'><em>ἑξῆς</em></span> <span class='ocrx_word' id='word_1_137' title='bbox 835 1670 924 1722; x_wconf 85' lang='grc' dir='ltr'><em>καὶ</em></span> <span class='ocrx_word' id='word_1_138' title='bbox 965 1669 1238 1738; x_wconf 76' lang='grc' dir='ltr'><em>ὁλόκληρα</em></span> <span class='ocrx_word' id='word_1_139' title='bbox 1284 1671 1558 1738; x_wconf 81' lang='grc' dir='ltr'><em>ποιήματα</em></span> <span class='ocrx_word' id='word_1_140' title='bbox 1598 1670 1926 1738; x_wconf 72' lang='grc' dir='ltr'><em>γράψαντεςῑ</em></span> 
     </span>
    </p>
   </div>
   <div class='ocr_carea' id='block_1_8' title="bbox 966 1883 1202 1952">
    <p class='ocr_par' dir='ltr' id='par_1_11' title="bbox 966 1883 1202 1952">
     <span class='ocr_line' id='line_1_23' title="bbox 966 1883 1202 1952; baseline -0.004 -16"><span class='ocrx_word' id='word_1_141' title='bbox 966 1883 1088 1952; x_wconf 83' lang='lat' dir='ltr'><strong>Cap.</strong></span> <span class='ocrx_word' id='word_1_142' title='bbox 1112 1883 1202 1936; x_wconf 91' lang='lat' dir='ltr'><em>IX.</em></span> 
     </span>
    </p>
   </div>
   <div class='ocr_carea' id='block_1_9' title="bbox 242 1999 2058 2234">
    <p class='ocr_par' dir='ltr' id='par_1_12' title="bbox 242 1999 2058 2234">
     <span class='ocr_line' id='line_1_24' title="bbox 361 1999 2043 2072; baseline -0.003 -17"><span class='ocrx_word' id='word_1_143' title='bbox 361 2004 430 2055; x_wconf 92' lang='grc' dir='ltr'><em>Τὸ</em></span> <span class='ocrx_word' id='word_1_144' title='bbox 489 2003 850 2072; x_wconf 89' lang='grc' dir='ltr'><em>χοριαμβικὸν</em></span> <span class='ocrx_word' id='word_1_145' title='bbox 905 2002 1116 2071; x_wconf 81' lang='grc' dir='ltr'><em>δέχεται</em></span> <span class='ocrx_word' id='word_1_146' title='bbox 1171 2003 1269 2055; x_wconf 89' lang='grc' dir='ltr'><em>τὸν</em></span> <span class='ocrx_word' id='word_1_147' title='bbox 1323 2004 1625 2071; x_wconf 89' lang='grc' dir='ltr'><em>χορίαμβον</em></span> <span class='ocrx_word' id='word_1_148' title='bbox 1686 1999 1777 2053; x_wconf 83' lang='grc' dir='ltr'><em>καὶ</em></span> <span class='ocrx_word' id='word_1_149' title='bbox 1831 2002 1925 2063; x_wconf 80' lang='grc' dir='ltr'><em>τὰς</em></span> <span class='ocrx_word' id='word_1_150' title='bbox 1960 2011 2043 2050; x_wconf 82' lang='grc'><em>179</em></span> 
     </span>
     <span class='ocr_line' id='line_1_25' title="bbox 243 2081 2058 2152; baseline -0.002 -16"><span class='ocrx_word' id='word_1_151' title='bbox 243 2085 495 2152; x_wconf 79' lang='grc' dir='ltr'><em>ἰαμβικὰς</em></span> <span class='ocrx_word' id='word_1_152' title='bbox 534 2085 813 2151; x_wconf 77' lang='grc' dir='ltr'><em>συζυγίας·</em></span> <span class='ocrx_word' id='word_1_153' title='bbox 854 2083 944 2136; x_wconf 81' lang='grc' dir='ltr'><em>ὅτε</em></span> <span class='ocrx_word' id='word_1_154' title='bbox 985 2081 1044 2136; x_wconf 74' lang='grc' dir='ltr'><em>δὲ</em></span> <span class='ocrx_word' id='word_1_155' title='bbox 1079 2085 1477 2151; x_wconf 88' lang='grc' dir='ltr'><em>καταληκτικόν</em></span> <span class='ocrx_word' id='word_1_156' title='bbox 1508 2082 1639 2150; x_wconf 85' lang='grc' dir='ltr'><em>ε’στι,</em></span> <span class='ocrx_word' id='word_1_157' title='bbox 1679 2085 1800 2135; x_wconf 88' lang='grc' dir='ltr'><em>τότε</em></span> <span class='ocrx_word' id='word_1_158' title='bbox 1831 2083 1927 2135; x_wconf 90' lang='grc' dir='ltr'><em>τὸν</em></span> <span class='ocrx_word' id='word_1_159' title='bbox 1961 2088 2058 2147; x_wconf 84' lang='grc'>[54]</span> 
     </span>
     <span class='ocr_line' id='line_1_26' title="bbox 242 2163 1925 2234; baseline 0 -18"><span class='ocrx_word' id='word_1_160' title='bbox 242 2169 555 2218; x_wconf 90' lang='grc' dir='ltr'><em>τελευταῖον</em></span> <span class='ocrx_word' id='word_1_161' title='bbox 624 2167 883 2233; x_wconf 88' lang='grc' dir='ltr'><em>βακχεῖον</em></span> <span class='ocrx_word' id='word_1_162' title='bbox 944 2164 975 2232; x_wconf 79' lang='grc' dir='ltr'>ἢ</span> <span class='ocrx_word' id='word_1_163' title='bbox 1044 2164 1401 2234; x_wconf 79' lang='grc' dir='ltr'><em>ἀμφίβραχυν</em></span> <span class='ocrx_word' id='word_1_164' title='bbox 1462 2163 1494 2232; x_wconf 78' lang='grc' dir='ltr'>ἢ</span> <span class='ocrx_word' id='word_1_165' title='bbox 1558 2164 1832 2216; x_wconf 82' lang='grc' dir='ltr'><em>δάκτυλον</em></span> <span class='ocrx_word' id='word_1_166' title='bbox 1895 2163 1925 2231; x_wconf 82' lang='grc' dir='ltr'><em>ἣ</em></span> 
     </span>
    </p>
   </div>
   <div class='ocr_carea' id='block_1_10' title="bbox 365 2309 1308 2364">
    <p class='ocr_par' dir='ltr' id='par_1_13' title="bbox 365 2309 1308 2364">
     <span class='ocr_line' id='line_1_27' title="bbox 365 2309 1308 2364; baseline 0.001 -12"><span class='ocrx_word' id='word_1_167' title='bbox 365 2315 536 2353; x_wconf 84' lang='lat'>11—15</span> <span class='ocrx_word' id='word_1_168' title='bbox 570 2309 683 2353; x_wconf 82' lang='lat' dir='ltr'>Mar.</span> <span class='ocrx_word' id='word_1_169' title='bbox 703 2309 822 2353; x_wconf 73' lang='lat' dir='ltr'><strong>Vict.</strong></span> <span class='ocrx_word' id='word_1_170' title='bbox 851 2309 933 2353; x_wconf 89' lang='lat' dir='ltr'><em>GL</em></span> <span class='ocrx_word' id='word_1_171' title='bbox 958 2309 1021 2352; x_wconf 92' lang='lat' dir='ltr'><em>VI</em></span> <span class='ocrx_word' id='word_1_172' title='bbox 1048 2314 1116 2364; x_wconf 84' lang='lat'><em>75,</em></span> <span class='ocrx_word' id='word_1_173' title='bbox 1135 2315 1308 2353; x_wconf 81' lang='lat'><em>23—26</em></span> 
     </span>
    </p>
   </div>
   <div class='ocr_carea' id='block_1_11' title="bbox 246 2425 1929 2854">
    <p class='ocr_par' dir='ltr' id='par_1_14' title="bbox 246 2425 1928 2839">
     <span class='ocr_line' id='line_1_28' title="bbox 367 2425 1926 2484; baseline -0.001 -13"><span class='ocrx_word' id='word_1_174' title='bbox 367 2434 385 2471; x_wconf 96' lang='lat'>1</span> <span class='ocrx_word' id='word_1_175' title='bbox 423 2427 508 2484; x_wconf 81' lang='grc' dir='ltr'><em>γὰρ</em></span> <span class='ocrx_word' id='word_1_176' title='bbox 551 2430 598 2471; x_wconf 69' lang='lat' dir='ltr'><em>et</em></span> <span class='ocrx_word' id='word_1_177' title='bbox 637 2425 1307 2483; x_wconf 69' lang='grc' dir='ltr'><em>εὑρίσκεται-ἀκατάληπτον</em></span> <span class='ocrx_word' id='word_1_178' title='bbox 1347 2442 1433 2471; x_wconf 90' lang='lat' dir='ltr'><em>om.</em></span> <span class='ocrx_word' id='word_1_179' title='bbox 1469 2428 1573 2481; x_wconf 84' lang='lat' dir='ltr'><em>DI,</em></span> <span class='ocrx_word' id='word_1_180' title='bbox 1615 2427 1790 2470; x_wconf 82' lang='lat' dir='ltr'>scholio</span> <span class='ocrx_word' id='word_1_181' title='bbox 1823 2440 1926 2470; x_wconf 87' lang='lat' dir='ltr'><em>cum</em></span> 
     </span>
     <span class='ocr_line' id='line_1_29' title="bbox 246 2484 1927 2545; baseline -0.001 -15"><span class='ocrx_word' id='word_1_182' title='bbox 246 2487 541 2531; x_wconf 65' lang='lat' dir='ltr'>anssecedenti</span> <span class='ocrx_word' id='word_1_183' title='bbox 566 2487 812 2530; x_wconf 73' lang='lat' dir='ltr'>coniuncto</span> <span class='ocrx_word' id='word_1_184' title='bbox 843 2489 847 2542; x_wconf 99' lang='grc' dir='ltr'>Ι</span> <span class='ocrx_word' id='word_1_185' title='bbox 876 2484 1100 2531; x_wconf 83' lang='grc' dir='ltr'><em>ὃιποδίαν</em></span> <span class='ocrx_word' id='word_1_186' title='bbox 1124 2487 1211 2544; x_wconf 76' lang='grc' dir='ltr'><em>γὰρ</em></span> <span class='ocrx_word' id='word_1_187' title='bbox 1236 2487 1390 2541; x_wconf 87' lang='lat' dir='ltr'><strong><em>ADI,</em></strong></span> <span class='ocrx_word' id='word_1_188' title='bbox 1422 2486 1546 2529; x_wconf 81' lang='grc' dir='ltr'><em>πόδα</em></span> <span class='ocrx_word' id='word_1_189' title='bbox 1575 2488 1612 2530; x_wconf 82' lang='lat' dir='ltr'><strong><em>C</em></strong></span> <span class='ocrx_word' id='word_1_190' title='bbox 1632 2489 1645 2542; x_wconf 97' lang='grc' dir='ltr'><em>ΙΙ</em></span> <span class='ocrx_word' id='word_1_191' title='bbox 1671 2491 1695 2529; x_wconf 88' lang='lat'><strong>3</strong></span> <span class='ocrx_word' id='word_1_192' title='bbox 1728 2490 1789 2545; x_wconf 80' lang='grc' dir='ltr'><em>τῷ</em></span> <span class='ocrx_word' id='word_1_193' title='bbox 1815 2501 1927 2540; x_wconf 78' lang='grc' dir='ltr'><em>προ-</em></span> 
     </span>
     <span class='ocr_line' id='line_1_30' title="bbox 246 2544 1927 2617; baseline -0.002 -27"><span class='ocrx_word' id='word_1_194' title='bbox 246 2549 580 2614; x_wconf 81' lang='grc' dir='ltr'><em>κελευσματικῷ</em></span> <span class='ocrx_word' id='word_1_195' title='bbox 600 2547 694 2590; x_wconf 85' lang='lat' dir='ltr'><em>AC</em></span> <span class='ocrx_word' id='word_1_196' title='bbox 715 2548 727 2602; x_wconf 94' lang='grc' dir='ltr'><em>ΙΙ</em></span> <span class='ocrx_word' id='word_1_197' title='bbox 752 2551 778 2588; x_wconf 84' lang='grc'>4</span> <span class='ocrx_word' id='word_1_198' title='bbox 803 2546 883 2589; x_wconf 90' lang='grc' dir='ltr'><em>τὸν</em></span> <span class='ocrx_word' id='word_1_199' title='bbox 909 2547 1139 2617; x_wconf 73' lang='grc' dir='ltr'><em>0111.ΒΙΙ</em></span> <span class='ocrx_word' id='word_1_200' title='bbox 1170 2563 1247 2590; x_wconf 89' lang='grc' dir='ltr'><em>ινα</em></span> <span class='ocrx_word' id='word_1_201' title='bbox 1280 2545 1359 2617; x_wconf 82' lang='grc' dir='ltr'><em>μὴ</em></span> <span class='ocrx_word' id='word_1_202' title='bbox 1366 2544 1542 2598; x_wconf 80' lang='grc' dir='ltr'><em>δόξειεν</em></span> <span class='ocrx_word' id='word_1_203' title='bbox 1570 2547 1616 2598; x_wconf 79' lang='lat' dir='ltr'><em>C,</em></span> <span class='ocrx_word' id='word_1_204' title='bbox 1650 2560 1736 2588; x_wconf 89' lang='lat' dir='ltr'><em>om.</em></span> <span class='ocrx_word' id='word_1_205' title='bbox 1756 2545 1927 2588; x_wconf 89' lang='lat' dir='ltr'><em>ADI</em></span> <span class='ocrx_word' id='word_1_206' title='bbox 1915 2570 1927 2601; x_wconf 94' lang='lat'>3</span> 
     </span>
     <span class='ocr_line' id='line_1_31' title="bbox 248 2600 1928 2662; baseline -0.001 -15"><span class='ocrx_word' id='word_1_207' title='bbox 248 2611 272 2647; x_wconf 84' lang='lat'>5</span> <span class='ocrx_word' id='word_1_208' title='bbox 308 2603 374 2648; x_wconf 89' lang='grc' dir='ltr'><em>ότι</em></span> <span class='ocrx_word' id='word_1_209' title='bbox 407 2619 495 2649; x_wconf 89' lang='lat' dir='ltr'><em>om.</em></span> <span class='ocrx_word' id='word_1_210' title='bbox 525 2607 562 2650; x_wconf 80' lang='lat' dir='ltr'><strong><em>C</em></strong></span> <span class='ocrx_word' id='word_1_211' title='bbox 593 2607 597 2660; x_wconf 92' lang='grc' dir='ltr'>Ι</span> <span class='ocrx_word' id='word_1_212' title='bbox 633 2605 775 2662; x_wconf 81' lang='grc' dir='ltr'><em>ἐστιν]</em></span> <span class='ocrx_word' id='word_1_213' title='bbox 810 2603 869 2648; x_wconf 73' lang='grc' dir='ltr'><em>ἂν</em></span> <span class='ocrx_word' id='word_1_214' title='bbox 903 2604 1009 2656; x_wconf 75' lang='grc' dir='ltr'><em>ἴσως</em></span> <span class='ocrx_word' id='word_1_215' title='bbox 1040 2600 1097 2660; x_wconf 78' lang='grc' dir='ltr'><em>ἦν</em></span> <span class='ocrx_word' id='word_1_216' title='bbox 1130 2607 1171 2658; x_wconf 87' lang='grc' dir='ltr'><em>Ι,</em></span> <span class='ocrx_word' id='word_1_217' title='bbox 1204 2604 1313 2656; x_wconf 77' lang='grc' dir='ltr'><em>ἴσως</em></span> <span class='ocrx_word' id='word_1_218' title='bbox 1344 2602 1401 2647; x_wconf 76' lang='grc' dir='ltr'><em>ἂν</em></span> <span class='ocrx_word' id='word_1_219' title='bbox 1435 2600 1491 2660; x_wconf 81' lang='grc' dir='ltr'><em>ἦν</em></span> <span class='ocrx_word' id='word_1_220' title='bbox 1523 2606 1571 2648; x_wconf 89' lang='lat' dir='ltr'><em>D</em></span> <span class='ocrx_word' id='word_1_221' title='bbox 1601 2607 1605 2660; x_wconf 95' lang='grc' dir='ltr'>Ι</span> <span class='ocrx_word' id='word_1_222' title='bbox 1634 2606 1739 2659; x_wconf 76' lang='lat' dir='ltr'>post</span> <span class='ocrx_word' id='word_1_223' title='bbox 1770 2605 1928 2646; x_wconf 76' lang='grc' dir='ltr'><em>διαλυ-</em></span> 
     </span>
     <span class='ocr_line' id='line_1_32' title="bbox 247 2639 1928 2719; baseline -0.001 -13"><span class='ocrx_word' id='word_1_224' title='bbox 247 2665 351 2715; x_wconf 80' lang='grc' dir='ltr'><em>θεὶς</em></span> <span class='ocrx_word' id='word_1_225' title='bbox 383 2665 487 2707; x_wconf 80' lang='lat' dir='ltr'>add.</span> <span class='ocrx_word' id='word_1_226' title='bbox 520 2665 638 2714; x_wconf 80' lang='grc' dir='ltr'><em>ποὺς</em></span> <span class='ocrx_word' id='word_1_227' title='bbox 664 2664 875 2719; x_wconf 76' lang='lat' dir='ltr'><strong>Westph.</strong></span> <span class='ocrx_word' id='word_1_228' title='bbox 907 2668 910 2717; x_wconf 92' lang='grc' dir='ltr'>Ι</span> <span class='ocrx_word' id='word_1_229' title='bbox 939 2665 1019 2707; x_wconf 82' lang='grc' dir='ltr'><em>καὶ</em></span> <span class='ocrx_word' id='word_1_230' title='bbox 1051 2678 1136 2707; x_wconf 90' lang='lat' dir='ltr'><em>om.</em></span> <span class='ocrx_word' id='word_1_231' title='bbox 1161 2639 1228 2719; x_wconf 64' lang='grc' dir='ltr'><em>ἸΙΙ</em></span> <span class='ocrx_word' id='word_1_232' title='bbox 1256 2669 1277 2706; x_wconf 85' lang='grc'><strong>7</strong></span> <span class='ocrx_word' id='word_1_233' title='bbox 1311 2666 1418 2719; x_wconf 74' lang='lat' dir='ltr'>post</span> <span class='ocrx_word' id='word_1_234' title='bbox 1447 2661 1714 2707; x_wconf 84' lang='grc' dir='ltr'><em>τελευταίαν</em></span> <span class='ocrx_word' id='word_1_235' title='bbox 1747 2663 1851 2705; x_wconf 81' lang='lat' dir='ltr'><strong>add.</strong></span> <span class='ocrx_word' id='word_1_236' title='bbox 1879 2663 1928 2705; x_wconf 88' lang='lat' dir='ltr'><em>D</em></span> 
     </span>
     <span class='ocr_line' id='line_1_33' title="bbox 248 2722 1929 2779; baseline -0.002 -12"><span class='ocrx_word' id='word_1_237' title='bbox 248 2723 425 2778; x_wconf 76' lang='grc' dir='ltr'><em>δηλαδὴ</em></span> <span class='ocrx_word' id='word_1_238' title='bbox 450 2725 462 2778; x_wconf 93' lang='grc' dir='ltr'><em>ΙΙ</em></span> <span class='ocrx_word' id='word_1_239' title='bbox 489 2728 511 2765; x_wconf 86' lang='grc'><strong>9</strong></span> <span class='ocrx_word' id='word_1_240' title='bbox 546 2723 625 2767; x_wconf 81' lang='grc' dir='ltr'><em>καὶ</em></span> <span class='ocrx_word' id='word_1_241' title='bbox 657 2722 904 2778; x_wconf 80' lang='grc' dir='ltr'><em>κατάληξιν</em></span> <span class='ocrx_word' id='word_1_242' title='bbox 938 2725 1002 2771; x_wconf 89' lang='lat' dir='ltr'><strong><em>A</em></strong></span> <span class='ocrx_word' id='word_1_243' title='bbox 1034 2722 1117 2778; x_wconf 86' lang='grc' dir='ltr'><em>τὴν</em></span> <span class='ocrx_word' id='word_1_244' title='bbox 1150 2722 1398 2779; x_wconf 78' lang='grc' dir='ltr'><em>κατάληξιν</em></span> <span class='ocrx_word' id='word_1_245' title='bbox 1434 2723 1480 2775; x_wconf 82' lang='lat' dir='ltr'><em>C,</em></span> <span class='ocrx_word' id='word_1_246' title='bbox 1513 2735 1599 2764; x_wconf 90' lang='lat' dir='ltr'><em>om.</em></span> <span class='ocrx_word' id='word_1_247' title='bbox 1625 2723 1673 2765; x_wconf 89' lang='lat' dir='ltr'><em>D</em></span> <span class='ocrx_word' id='word_1_248' title='bbox 1699 2723 1712 2777; x_wconf 94' lang='grc' dir='ltr'><em>ΙΙ</em></span> <span class='ocrx_word' id='word_1_249' title='bbox 1739 2726 1791 2764; x_wconf 83' lang='grc'><em>12</em></span> <span class='ocrx_word' id='word_1_250' title='bbox 1825 2724 1929 2764; x_wconf 80' lang='grc' dir='ltr'><em>συλ-</em></span> 
     </span>
     <span class='ocr_line' id='line_1_34' title="bbox 248 2757 1925 2854; baseline 0 -30"><span class='ocrx_word' id='word_1_251' title='bbox 248 2781 391 2854; x_wconf 81' lang='grc' dir='ltr'><em>λαβήν</em></span> <span class='ocrx_word' id='word_1_252' title='bbox 416 2783 571 2835; x_wconf 81' lang='lat' dir='ltr'>Pauw,</span> <span class='ocrx_word' id='word_1_253' title='bbox 602 2782 876 2854; x_wconf 83' lang='grc' dir='ltr'><em>ὃισύλλαβον</em></span> <span class='ocrx_word' id='word_1_254' title='bbox 903 2782 1032 2824; x_wconf 84' lang='lat' dir='ltr'>codd.</span> <span class='ocrx_word' id='word_1_255' title='bbox 1060 2785 1074 2837; x_wconf 93' lang='grc' dir='ltr'><em>ΙΙ</em></span> <span class='ocrx_word' id='word_1_256' title='bbox 1100 2786 1153 2824; x_wconf 80' lang='lat'><em>14</em></span> <span class='ocrx_word' id='word_1_257' title='bbox 1186 2780 1444 2854; x_wconf 82' lang='grc' dir='ltr'><em>ἀρχόμενον</em></span> <span class='ocrx_word' id='word_1_258' title='bbox 1471 2757 1509 2825; x_wconf 78' lang='lat' dir='ltr'><em>&#39;C</em></span> <span class='ocrx_word' id='word_1_259' title='bbox 1528 2783 1541 2836; x_wconf 94' lang='grc' dir='ltr'><em>ΙΙ</em></span> <span class='ocrx_word' id='word_1_260' title='bbox 1568 2785 1621 2823; x_wconf 80' lang='grc'><em>18</em></span> <span class='ocrx_word' id='word_1_261' title='bbox 1654 2781 1731 2823; x_wconf 87' lang='grc' dir='ltr'><em>καὶ</em></span> <span class='ocrx_word' id='word_1_262' title='bbox 1757 2794 1843 2823; x_wconf 88' lang='lat' dir='ltr'><em>om.</em></span> <span class='ocrx_word' id='word_1_263' title='bbox 1867 2781 1925 2851; x_wconf 74' lang='lat' dir='ltr'><em>C!</em></span> 
     </span>
    </p>
   </div>
   <div class='ocr_carea' id='block_1_12' title="bbox 249 2835 1927 2956">
    <p class='ocr_par' dir='ltr' id='par_1_15' title="bbox 249 2835 1927 2956">
     <span class='ocr_line' id='line_1_35' title="bbox 249 2835 1927 2956; baseline -0.001 -73"><span class='ocrx_word' id='word_1_264' title='bbox 249 2839 498 2956; x_wconf 60' lang='grc' dir='ltr'><em>ἓλόκληροέ</em></span> <span class='ocrx_word' id='word_1_265' title='bbox 530 2839 706 2897; x_wconf 83' lang='grc' dir='ltr'><em>ποίημα</em></span> <span class='ocrx_word' id='word_1_266' title='bbox 741 2842 788 2894; x_wconf 83' lang='lat' dir='ltr'><em>C,</em></span> <span class='ocrx_word' id='word_1_267' title='bbox 821 2839 1077 2895; x_wconf 86' lang='grc' dir='ltr'><em>ὁλοκλήρως</em></span> <span class='ocrx_word' id='word_1_268' title='bbox 1107 2839 1341 2895; x_wconf 87' lang='grc' dir='ltr'><em>ποιήματα</em></span> <span class='ocrx_word' id='word_1_269' title='bbox 1374 2841 1421 2883; x_wconf 88' lang='lat' dir='ltr'><em>D</em></span> <span class='ocrx_word' id='word_1_270' title='bbox 1468 2842 1481 2895; x_wconf 94' lang='grc' dir='ltr'><em>ΙΙ</em></span> <span class='ocrx_word' id='word_1_271' title='bbox 1529 2844 1582 2882; x_wconf 89' lang='grc'><em>23</em></span> <span class='ocrx_word' id='word_1_272' title='bbox 1616 2836 1642 2894; x_wconf 79' lang='grc' dir='ltr'>ἢ</span> <span class='ocrx_word' id='word_1_273' title='bbox 1675 2839 1754 2882; x_wconf 79' lang='grc' dir='ltr'><em>καὶ</em></span> <span class='ocrx_word' id='word_1_274' title='bbox 1786 2835 1927 2895; x_wconf 80' lang='grc' dir='ltr'><em>ἀμφί-</em></span> 
     </span>
     <span class='ocr_line' id='line_1_36' title="bbox 280 2916 424 2956; baseline 0.007 -15"><span class='ocrx_word' id='word_1_275' title='bbox 280 2916 424 2956; x_wconf 85' lang='grc' dir='ltr'><em>ραχυν</em></span> 
     </span>
    </p>
   </div>
  </div>
 </body>
</html>
