2060 3168
704 147 792 188 ΧΠ
822 148 967 189 ΠΕΡΙ
995 147 1298 189 IAMBIKOT
1738 145 1843 198 281

156 278 217 335 δὲ
264 289 329 351 τῇ
377 280 607 352 δευτέρᾳ
652 280 742 334 καὶ
788 282 1015 351 τετάρτῃ
1065 284 1268 350 ἱάμβον
1313 282 1512 350 μόνον,
1566 279 1628 334 ἐν
1675 278 1735 334 δὲ
1782 290 1847 352 τῇ

155 362 282 433 ἕκτῃ
325 364 525 431 ἴαμβον
565 363 598 431 ἢ
637 366 947 433 πυρρίχιον.

267 445 316 496 2.
372 442 650 513 Ἐκλήθη
699 445 768 497 δὲ
816 447 1069 514 ἴαμβος,
1117 442 1224 512 ἀφ’
1262 439 1330 497 οὗ
1369 445 1431 496 τὸ
1471 442 1675 514 μέτρον
1713 462 1848 513 παρ-

156 526 475 592 ονομάζεται
532 527 814 595 ἰαμβικόν,
870 526 1090 595 ἐπείπερ
1145 526 1198 579 οἱ
1251 525 1499 594 ὑβρίζειν
1551 527 1706 588 τινὰς
1758 524 1848 578 καὶ

155 608 438 676 λοιδορεῖν
483 609 817 676 βουλόμενοι
864 609 1040 679 τούτῳ
1089 606 1327 676 ἐχρῶντο
1366 613 1441 679 τῷ
1485 606 1664 678 μέτρῳ
1704 605 1848 678 (ἰαμ-
1895 627 1914 659 5

154 690 325 756 βίζειν
371 688 476 757 γὰρ
524 685 719 756 ἔλεγον
766 690 819 742 οἱ
866 687 1090 742 παλαιοὶ
1137 690 1198 742 τὸ
1245 687 1538 759 ὑβρίζειν)·
1588 689 1657 758 <ἢ
1703 690 1849 757 παρὰ

154 770 215 822 τὸ
258 770 347 822 ἰὸν
385 770 622 838 βάζειν>,
664 771 797 838 ὅπερ
839 769 954 823 ἐστὶ
985 770 1148 838 <ῑοῦ>
1187 769 1275 822 καὶ
1315 771 1535 839 πικρίας
1575 770 1850 839 ἀνάμεστα

155 851 364 919 ῥήματα
412 850 608 919 λέγειν.
686 850 718 919 ἢ
768 851 872 904 ἀπὸ
915 851 1134 920 Ἰάμβης
1180 851 1322 904 οὕτω
1370 851 1712 921 καλουμένης
1757 854 1849 905 κό-

154 952 275 1001 ρης,
329 933 449 1000 ἥτις
503 934 741 1002 αἰσχρῶς
793 933 1128 1003 ὑβρισθεῖσα
1182 932 1387 1003 ἀγχόνῃ
1442 931 1706 985 κατέλυσε
1751 934 1850 986 τὸν

153 1016 304 1082 βίον,
360 1014 493 1081 ὅπερ
554 1015 644 1067 καὶ
701 1016 755 1067 αἱ
812 1016 1161 1083 Λυκαμβίδες
1222 1013 1310 1067 ἐπὶ
1371 1023 1488 1077 τοῖς
1531 1012 1848 1083 Ἀρχιλόχου
1874 1034 1916 1066 10

151 1095 540 1163 <πεπόνθασι>
581 1099 861 1164 ποιήμασι.
939 1095 1030 1149 καὶ
1071 1097 1164 1148 διὰ
1201 1098 1366 1150 τοῦτό
1408 1110 1546 1165 φασι
1578 1101 1849 1164 συντεθῆ-

153 1196 246 1230 ναι
292 1178 392 1231 τὸν
441 1180 642 1246 ἴαμβον
689 1177 748 1231 ἐκ
795 1180 1052 1246 βραχείας
1097 1177 1188 1230 καὶ
1228 1185 1460 1247 μακρᾶς,
1512 1178 1606 1230 διὰ
1643 1179 1705 1231 τὸ
1747 1179 1849 1246 τὴν

151 1258 320 1327 ὕβριν
368 1259 426 1311 ἑκ
472 1261 731 1329 βραχείας
777 1259 1089 1328 ἀρχομένην
1135 1260 1311 1322 αἰτίας
1358 1260 1435 1321 εἰς
1481 1258 1620 1327 μέγα
1659 1261 1849 1328 λήγειν

152 1342 338 1394 κακόν.
392 1349 659 1410 μαρτυρεῖ
698 1337 759 1393 δὲ
790 1347 865 1412 τῷ
893 1339 1168 1413 λεγομένῳ
1196 1339 1432 1410 Ὅμηρος
1464 1340 1492 1393 ὁ
1528 1341 1847 1409 σοφώτατος

156 1419 232 1492 (Δ
260 1420 394 1492 442)
435 1421 613 1491 λέγων
1874 1442 1914 1474 15

301 1502 394 1572 ἥτ’
431 1503 588 1572 ὀλίγη
629 1504 732 1573 μὲν
770 1513 958 1573 πρῶτα
997 1505 1350 1571 κορύσσεται·
1392 1504 1564 1571 αὐτὰρ
1605 1507 1790 1557 ἔπειτα

309 1585 530 1657 οὐρανῷ
571 1584 815 1654 ἐστήριξε
854 1585 990 1654 κάρη
1031 1586 1122 1638 καὶ
1163 1583 1250 1638 ε’πὶ
1291 1586 1456 1655 χθονὶ
1496 1587 1690 1653 βαίνει.

269 1667 317 1719 3.
381 1668 595 1729 Πόδες
651 1663 754 1720 οὖν
808 1674 908 1719 τοῦ
966 1669 1223 1735 ιάμβικοῦ
1277 1667 1480 1735 μέτρου
1528 1665 1605 1730 ἐξ·
1657 1670 1850 1736 ἴαμβος

154 1757 369 1818 χορεῖος
410 1749 705 1810 σπονδεῖος
745 1749 1012 1811 δάκτυλος
1052 1748 1387 1811 ἀνάπαιστος
1426 1750 1730 1817 πυρρίχιος.

265 1830 316 1882 4.
355 1833 716 1899 Μετρεῖται
756 1826 814 1882 δὲ
851 1830 911 1882 τὸ
947 1831 1202 1897 ἰαμβικὸν
1233 1831 1368 1883 κατὰ
1399 1831 1679 1897 διποδίαν,
1712 1830 1850 1883 ὅθεν
1874 1850 1916 1881 20

154 1912 244 1965 καὶ
284 1914 578 1980 τρίμετρον
626 1911 854 1980 λέγεται.
932 1916 979 1964 εἰ
1026 1912 1130 1981 γὰρ
1177 1912 1266 1963 καὶ
1307 1909 1600 1980 ἑξάμετρον
1638 1909 1850 1980 ἔφαμεν

155 1993 289 2047 αὐτὸ
339 1992 400 2046 ἐν
446 2001 511 2063 τῇ
559 1993 722 2062 ἀρχῇ,
770 1990 891 2045 ἀλλ’
929 1992 1112 2055 ἁπλῶς
1158 1998 1384 2061 εἴπομεν
1423 1991 1546 2045 ἀντὶ
1593 2000 1693 2046 τοῦ
1735 1991 1850 2056 ἑξά-

155 2076 347 2127 ποδον.

266 2155 316 2208 5.
366 2159 476 2208 Τοῦ
510 2153 570 2208 δὲ
606 2156 861 2223 ἰαμβικοῦ
893 2155 1096 2224 μέτρου
1138 2154 1535 2225 χαρακτῆρές
1574 2156 1679 2208 εἰσι
1710 2154 1849 2208 τέσ-

155 2252 372 2306 σαρες,
419 2238 675 2307 τραγικὸς
722 2237 957 2304 κωμικὸς
1005 2237 1299 2307 σατυρικὸς
1345 2235 1435 2289 καὶ
1476 2236 1503 2289 ὁ
1546 2237 1688 2290 οὕτω
1735 2254 1848 2299 πως
1873 2257 1913 2289 25

158 2318 310 2379 ἰδίως
351 2319 642 2386 λεγόμενος
677 2319 938 2385 ἰαμβικός.
1001 2317 1091 2371 καὶ
1124 2321 1238 2372 ἔστι
1269 2326 1533 2388 τραγικοῦ
1566 2319 1667 2387 μὲν
1701 2319 1849 2371 ἴδιον

154 2399 216 2452 τὸ
266 2397 353 2451 ἐπὶ
400 2403 662 2451 πλεῖστον
707 2399 809 2466 μὲν
857 2399 915 2451 ἐκ
961 2401 1275 2453 σπονδείων
1324 2398 1414 2452 καὶ
1465 2401 1677 2469 ἰάμβων
1717 2413 1848 2466 συγ-

278 2521 302 2559 6
335 2515 548 2559 Eustath.
585 2515 644 2558 ad
678 2517 699 2557 λ
726 2519 811 2558 278
844 2530 888 2571 p.
914 2519 1043 2571 1684,
1062 2520 1227 2572 468qq.
1254 2518 1268 2572 ΙΙ
1300 2521 1356 2559 24
1381 2515 1441 2559 M.
1460 2515 1581 2559 vict.
1601 2515 1663 2558 VI
1687 2519 1758 2569 81,
1777 2519 1846 2558 27.

157 2574 415 2676 ἕξὶξξοὺ.
435 2573 498 2617 VI
523 2579 623 2628 518,
649 2579 688 2617 3.
717 2579 785 2617 21.
820 2574 890 2617 Ps.
910 2573 1039 2618 Gens.
1058 2574 1121 2619 VI
1139 2581 1239 2629 612,
1258 2580 1313 2618 20
1328 2590 1427 2631 sqq.
1461 2575 1546 2619 An.
1567 2575 1688 2619 Chis.
1713 2590 1757 2631 p.
1778 2580 1846 2618 26.

276 2727 301 2764 6
336 2719 438 2777 ἣ-
460 2727 481 2764 7
516 2723 672 2780 βάζειν
705 2725 752 2766 et
784 2723 858 2766 ἰοῦ
891 2723 1027 2767 inser.
1061 2736 1117 2766 ex
1150 2723 1249 2767 Hel.
1277 2723 1368 2766 AV
1388 2729 1466 2765 171
1494 2726 1508 2778 Η
1535 2727 1556 2765 ’ῖ
1592 2721 1848 2780 ἀνάμεστα]

159 2778 366 2837 ὀνόματα
397 2782 424 2824 l.-
448 2784 462 2837 ξῑ
486 2786 512 2824 8
546 2782 716 2840 ἰάμβου
743 2796 778 2837 p
801 2784 815 2838 ΙΙ
842 2786 893 2825 11
927 2797 1033 2826 πεπ.
1059 2783 1195 2826 inser.
1224 2796 1279 2826 ex
1304 2782 1404 2825 Hel.
1431 2782 1522 2824 AV
1543 2786 1623 2824 171
1650 2784 1665 2837 ΙΙ
1692 2786 1745 2824 15
1778 2779 1847 2824 λέ-

159 2857 255 2895 γων
285 2839 363 2883 hic
393 2841 543 2896 posui,
577 2841 709 2884 codd.
744 2841 921 2884 habent
950 2843 1058 2897 post
1091 2840 1219 2898 ὀλίγη
1251 2842 1335 2898 μὲν
1359 2843 1374 2897 ΙΙ
1399 2846 1450 2884 21
1481 2841 1655 2897 ἔφημεν
1682 2840 1812 2884 codd.
1835 2841 1850 2898 ΙΙ

162 2902 217 2942 25
251 2898 275 2942 ὁ
308 2913 396 2942 om.
426 2914 456 2955 p
479 2901 494 2955 ss
519 2905 572 2943 27
607 2902 765 2943 πλεῖον
799 2901 931 2944 codd.
