2060 3168
410 159 464 202 B.
509 159 656 201 ΠΕΡΙ
685 157 887 200 ΕΙΔΩΝ.
960 157 1011 200 C.
1055 157 1202 198 ΠΕΡΙ
1231 155 1542 198 ΔῙΑΦΟΡΩΝ
1717 153 1821 207 351

253 296 293 334 2.
336 291 511 342 ἐκεῖνος
549 289 669 347 λέγει
708 290 1052 346 κακοφώνου
1084 286 1168 345 μὲν
1201 285 1388 345 ῥυθμοῦ
1421 283 1542 332 εἶναι
1573 287 1624 331 τὸ
1658 289 1698 344 (λ
1725 290 1827 346 128)

313 356 410 415 φήῃ
443 357 766 415 ἀθηρηλοιγὸν
798 355 919 414 ἔχειν
951 355 1046 400 ἀνὰ
1078 353 1287 414 φαιδίμῳ
1320 354 1442 413 ὤμῳ,

254 427 294 468 3.
344 425 695 481 μαλακοειδῆ
742 424 794 468 δὲ
832 422 916 467 τὸν
956 422 1137 479 ὁμαλῶς
1174 422 1293 479 ἀκοῇ
1333 418 1687 476 προσπίπτοντα
1726 418 1828 466 οἷον

150 493 189 535 Ρ
211 495 264 534 51

133 492 149 548 (
269 492 285 547 )
313 547 476 606 αἵματί
507 549 551 594 οἱ
584 549 777 595 δεύοντο
811 547 952 606 κόμαι
983 546 1261 604 Χαρίτεσσιν
1294 547 1466 604 ὁμοῖαι,
1875 557 1895 590 5

255 621 295 659 4.
330 617 595 672 λογοειδῆ
629 615 680 660 δὲ
706 615 789 660 τὸν
813 616 894 660 καὶ
925 613 1245 670 πολιτικόν,
1278 613 1329 666 ὃς
1359 614 1475 659 ἄνευ
1505 613 1710 669 πάθους,
1742 631 1830 671 φη-

137 680 224 737 σίν,
259 680 288 738 ἢ
320 680 498 738 τρόπου
529 682 724 739 λέγεται,
756 679 859 727 οἷον
890 684 947 738 (A
973 683 1076 738 680)

315 748 489 799 ἵππους
522 749 573 793 δὲ
606 748 791 802 ξανθὰς
821 748 989 794 ἑκατὸν
1021 748 1100 792 καὶ
1133 746 1436 803 πεντήκοντα.

629 986 682 1040 G.
731 987 909 1042 ΠΕΡΙ
948 985 1346 1041 ΔΙΑΦΟΡΩΝ.

315 1091 636 1161 Anonymus
675 1092 951 1146 Parisinus
992 1090 1130 1164 (cod.
1161 1091 1326 1145 Paris.
1361 1091 1506 1143 2676
1540 1088 1901 1161 [J]).1o

517 1195 815 1250 Διαφοραὶ
849 1191 1051 1252 στίχων
1084 1193 1230 1238 εἰσὶν
1263 1191 1448 1239 ἐννέα·

259 1288 297 1328 1.
347 1282 728 1328 κατενόπλιον
760 1283 812 1327 τὸ
847 1283 953 1340 ἔχον
986 1283 1036 1328 ἐν
1067 1286 1130 1342 τῷ
1157 1280 1294 1341 στίχῳ
1335 1282 1420 1328 δύο
1461 1281 1718 1331 δακτύλους
1755 1281 1836 1324 καὶ

139 1354 390 1396 σπονδεῖον
423 1351 484 1401 ὡς
515 1351 591 1396 ἐπὶ
621 1350 789 1394 τούτου
822 1353 880 1406 (Α
907 1352 949 1406 1)

317 1423 458 1474 μῆνιν
491 1416 633 1470 ἄειδε,
665 1416 775 1471 θεά,
808 1416 1085 1473 Πηληιάδεω
1116 1414 1325 1474 Ἀχιλῆος.

260 1489 299 1527 2.
338 1484 674 1538 περιοδικὸν
706 1484 758 1528 τὸ
792 1483 898 1541 ἔχον
931 1484 981 1528 ἐν
1015 1480 1101 1542 ὅλῳ
1134 1486 1196 1542 τῷ
1223 1480 1359 1540 στίχῳ
1394 1481 1476 1527 ἕνα
1501 1481 1732 1528 δάκτυλον
1755 1482 1836 1526 καὶ
1860 1491 1902 1524 15

141 1549 224 1595 ἕνα
257 1552 507 1595 σπονδεῖον
540 1553 598 1607 (A
625 1554 668 1606 2)

321 1615 577 1673 οὐλομένην
610 1615 637 1673 ἣ
673 1614 800 1673 μυρί’
828 1615 1022 1676 Ἀχαιοῖς
1054 1614 1181 1673 ἄλγε’
1211 1617 1397 1673 ἔθηκεν.

261 1687 300 1726 3.
337 1684 644 1739 Σαπφικὸν
676 1684 728 1727 τὸ
762 1684 868 1741 ἔχον
902 1683 950 1727 ἐν
974 1690 1028 1742 τῇ
1062 1683 1181 1741 ἀρχῇ
1206 1683 1286 1726 καὶ
1309 1686 1372 1742 τῷ
1397 1681 1515 1727 τέλει
1547 1679 1838 1736 σπονδείους,

140 1751 249 1801 τοὺς
281 1750 332 1794 δὲ
365 1749 532 1806 μέσους
563 1751 821 1803 δακτύλους
852 1753 911 1807 (A
936 1753 999 1806 9)·

322 1822 505 1874 Λητοῦς
535 1817 616 1860 καὶ
648 1817 763 1868 Διὸς
795 1815 916 1867 υἱός·
952 1815 975 1861 ὃ
1009 1817 1096 1874 γὰρ
1131 1817 1316 1874 βασιλῆι
1347 1813 1583 1874 χολωθείς.
1862 1827 1905 1858 20

262 1888 302 1928 4.
354 1883 697 1942 βουκολικὸν
736 1883 788 1928 τὸ
829 1884 890 1940 μὴ
931 1883 981 1928 ἐν
1019 1887 1082 1943 τῷ
1109 1886 1379 1939 μετρεῖσθαι
1418 1885 1561 1940 λῆγον
1601 1882 1667 1933 εἰς
1705 1881 1840 1939 μέρος

140 1948 281 2009 λόγου
314 1953 377 2006 (Κ
397 1953 500 2008 475)

323 2018 368 2071 ἐξ
402 2017 732 2073 ἐπιδιφριάδος
763 2017 976 2074 πυμάτης
1007 2016 1138 2072 ἱμᾶσι
1169 2014 1370 2060 δέδεντο.

264 2089 303 2128 5.
337 2082 718 2141 ὑπόρρυθμον
750 2084 801 2129 δὲ
826 2084 877 2127 τὸ
902 2086 1044 2140 λῆγον
1077 2083 1142 2133 εἰς
1174 2081 1311 2139 μέρος
1341 2080 1480 2139 λόγου
1505 2082 1556 2127 ἐν
1580 2085 1642 2142 τῷ
1667 2087 1840 2138 μετρεῖ-

145 2155 276 2205 σθαι,
309 2152 370 2201 ὡς
402 2151 478 2195 ἐπὶ
509 2157 591 2194 τοῦ
623 2149 858 2206 παρόντος
890 2149 1013 2195 ἔστιν
1046 2149 1166 2194 ἰδεῖν
1199 2151 1256 2206 (A
1284 2152 1386 2205 214)
1864 2158 1907 2191 25

324 2215 485 2275 »ὕβριος
517 2216 672 2262 εἵνεκα
704 2219 856 2273 τῆσδε,
890 2217 945 2260 σὺ
978 2215 1025 2260 δ’
1054 2215 1194 2275 ἴσχεο,
1227 2214 1394 2260 πείθεο
1428 2213 1473 2260 δ’
1502 2215 1626 2271 ἡμῖν.

252 2289 306 2331 ,6.
339 2283 560 2328 τέλειον
592 2284 644 2327 τὸ
679 2283 785 2340 ἕχον
818 2282 901 2327 ὅλα
931 2282 990 2327 τὰ
1021 2281 1133 2339 μέρη
1165 2290 1247 2326 τοῦ
1281 2281 1419 2339 λόγου
1452 2284 1517 2339 (Χ
1537 2284 1609 2339 59)

326 2350 443 2405 πρὸς
475 2349 528 2395 δέ
558 2366 612 2407 με
643 2350 725 2393 τὸν
758 2350 989 2406 δύστηνον
1023 2349 1088 2394 ἔτι
1121 2347 1371 2405 φρονέοντ’
1401 2347 1587 2404 ἐλέαιρε.

268 2423 307 2462 7.
341 2417 639 2461 πολιτικὸν
671 2418 723 2460 τὸ
758 2419 968 2472 δημῶδες
999 2416 1118 2460 κατὰ
1150 2417 1234 2473 τὴν
1266 2417 1440 2472 φράσιν
1472 2418 1528 2473 (A
1551 2414 1654 2472 680)

329 2483 501 2534 ἵππους
533 2483 583 2528 δὲ
617 2483 802 2536 ξανθὰς
834 2483 1000 2527 ἑκατὸν
1031 2484 1111 2526 καὶ
1142 2482 1445 2538 πεντήκοντα.
1864 2493 1908 2526 3ο

268 2556 307 2596 8.
334 2549 715 2607 κλιμακωτόν,
735 2550 784 2594 ἐν
803 2543 1027 2609 ᾧπροϊὼν
1045 2549 1175 2602 αὔξει
1191 2549 1275 2599 τὰς
1291 2548 1534 2606 συλλαβάς,
1557 2545 1657 2593 οἷον
1672 2550 1841 2606 (Γ182)

326 2613 360 2661 ὦ
394 2614 567 2674 ‘aduae’
596 2614 793 2672 Ἀτρείδη
827 2615 1096 2673 μοιρηγενὲς
1129 2614 1440 2675 ὀλβιόδαιμον.

272 2740 326 2779 10
343 2735 563 2779 Hoersch.
579 2734 746 2778 Philol.
763 2740 833 2789 47,
847 2740 867 2778 1
882 2750 982 2791 sqq.
994 2735 1010 2794 Η
1026 2739 1079 2779 31
1100 2734 1330 2778 fistulares
1347 2733 1841 2788 Diom.1499,15-17‚

151 2795 437 2851 κλιμακηδὸν
461 2794 675 2837 Eustath.
703 2796 764 2838 ad
788 2799 831 2839 Γ
846 2799 929 2838 182
954 2810 999 2851 p.
1025 2799 1127 2849 401,
1143 2798 1198 2837 33
1232 2793 1303 2850 (cf.
1334 2792 1617 2837 Grossmann
1647 2793 1678 2837 1.
1705 2806 1741 2836 c.
1769 2794 1842 2850 53)

271 2918 325 2957 31
359 2913 647 2970 κλιμακωτὸν
680 2926 718 2957 e.
752 2928 795 2970 g.
828 2913 1068 2970 Ps.Heph.
1102 2918 1126 2966 ξ
1151 2919 1192 2967 5,
1225 2910 1387 2969 κλίμαξ
1418 2912 1454 2954 Ι
