2090 3158
219 188 291 239 32
419 188 840 230 ΗΦΑΙΣΤΙΩΝΟΣ
871 188 1258 229 ΕΓΧΕΙΡΙΔΙΟΝ
1290 189 1435 228 ΠΕΡΙ
1463 187 1724 230 ΜΕΤΡΩΝ.

219 324 287 376 οὐ
326 325 503 390 μόνον
541 325 642 392 τὴν
679 324 903 392 πρώτην
942 324 1209 390 συζυγίαν
1247 318 1358 390 ἔχει
1397 320 1737 391 τρεπομένην
1775 323 1908 375 κατὰ
1939 329 2038 387 [60]

220 406 318 457 τὸν
356 407 628 473 πρότερον
665 406 827 472 πόδα,
868 403 1006 456 ἄλλα
1043 403 1133 455 καὶ
1171 403 1272 471 τὴν
1310 411 1428 465 ταῖς
1471 404 1746 470 ἰαμβικαῖς
1786 402 1907 456 ἑπο-

220 485 413 554 μένην·
466 484 582 539 ἔστι
639 482 699 538 δὲ
751 487 840 538 ὅτε
894 485 982 537 καὶ
1034 485 1220 536 λύεται
1260 483 1288 536 ὁ
1328 485 1594 554 πρότερος
1642 487 1783 547 ποὺς
1832 487 1910 547 εἰς

221 570 538 636 τρίβραχυν.

175 669 197 701 5
334 649 419 717 (2)
459 649 567 700 Καὶ
599 645 752 700 ἔστιν
785 647 1018 716 ἐπίσημοι
1050 647 1110 700 ἐν
1143 647 1292 719 αὐτῷ
1324 647 1475 700 τάδε·
1506 644 1911 717 πενθημιμερὲς
1943 658 1997 697 33

222 727 323 796 μὲν
361 731 422 782 τὸ
461 730 805 796 καλούμενον
845 730 1160 798 ὃοχμιακόν,
1202 722 1324 782 οἷον

846 812 1037 864 κλύειν
1075 814 1289 877 μαιέται
1723 825 1731 835 ·
1945 815 2043 874 [61]

844 893 944 945 τὸν
983 891 1276 961 ἐγχώριον·

175 992 179 995 ·
227 971 597 1044 ἑφθημιμερὲς
637 971 696 1026 δὲ
735 976 796 1027 τὸ
837 974 1182 1040 καλούμενον
1225 973 1623 1043 Φερεκράτειον
1664 971 1782 1045 (79)

157 1075 201 1107 10
582 1057 782 1125 ἄνδρες
819 1058 1084 1125 πρόσχετε
1123 1056 1221 1108 τὸν
1260 1062 1401 1107 νοῦν
1949 1059 2046 1118 [62]

582 1136 902 1206 ἐξευρήματι
941 1143 1114 1209 καινῷ

581 1219 952 1284 συμπτύκτοις
990 1218 1358 1280 ἀναπαίστοις.

228 1302 484 1369 ὃίμετρον
531 1297 590 1352 δὲ
640 1299 1011 1368 ἀκαταληκτον
1061 1300 1121 1352 τὸ
1162 1300 1507 1365 καλούμενον
1548 1300 1915 1366 Γλυκώνειον,

228 1382 399 1434 αὐτοῦ
443 1382 736 1444 Γλύκωνος
775 1381 1038 1449 εὑρόντος
1077 1381 1210 1433 αὐτό
1251 1378 1336 1450 (fr.
1377 1380 1474 1448 lyr.
1515 1381 1690 1448 adesp.
1726 1378 1851 1451 79²)

161 1481 201 1513 15
582 1463 788 1532 κάπρος
827 1460 968 1531 ἡνίχ’
1017 1461 1045 1515 ὁ
1085 1463 1347 1530 μαινόλης

583 1544 771 1597 ὀδόντι
813 1545 1233 1614 σκυλακοκτόνςο

583 1626 872 1695 Κύπριδος
911 1624 1087 1687 θάλος
1126 1626 1350 1677 ὤλεσεν·

229 1708 485 1775 δίμετρον
525 1704 585 1759 δὲ
624 1705 1106 1775 ὑπερκαταληκτον
1145 1707 1204 1759 τὸ
1245 1707 1591 1773 καλούμενον
1623 1707 1920 1776 Σαπφικὸν

231 1787 673 1855 ἐννεασύλλαβον
713 1788 745 1857 ἢ
779 1786 1219 1856 Ἱππωνάκτειον,
1261 1781 1382 1840 οἷον
1424 1786 1610 1858 (Hipp.
1638 1786 1731 1859 92)

161 1886 206 1918 20
586 1870 676 1922 καὶ
715 1871 875 1939 κνίσῃ
915 1870 1040 1922 τινὰ
1078 1871 1369 1937 θυμιήσας.

343 1951 424 2020 (3)
465 1954 586 2003 Τῶν
612 1948 672 2003 δὲ
696 1951 999 2022 τριμέτρων
1023 1951 1084 2003 τὸ
1110 1947 1211 2018 μὲν
1235 1952 1628 2019 καταληκτικὸν
1653 1951 1712 2003 τὸ
1737 1953 1916 2018 μόνην

352 2197 376 2235 6
410 2192 470 2234 ad
503 2192 774 2236 dochmiaca
807 2193 864 2237 cf.
890 2194 1076 2249 praeter
1101 2192 1278 2236 scholia
1302 2192 1373 2235 Et.
1404 2192 1464 2236 M.
1498 2206 1542 2248 p.
1571 2195 1670 2244 285,
1704 2195 1773 2235 25.
1830 2191 1916 2235 An.

232 2251 442 2295 Ambros.
469 2251 611 2293 AVI
645 2256 752 2306 233,
779 2257 846 2294 21.
882 2256 989 2305 234,
1019 2257 1085 2295 19.
1148 2251 1224 2294 Ar.
1260 2251 1417 2304 Quint
1444 2255 1520 2305 26,
1549 2255 1587 2294 9.
1649 2249 1764 2294 Mar.
1798 2249 1919 2294 vict.

234 2309 297 2352 VI
322 2315 392 2363 88,
418 2315 488 2353 24,
545 2310 658 2354 Mar.
692 2311 809 2354 Plot.
836 2311 899 2354 VI
926 2315 1026 2364 538,
1053 2316 1091 2354 5.
1157 2310 1349 2364 Quintil.
1375 2310 1438 2353 IX
1463 2314 1503 2365 4,
1530 2314 1583 2352 97
1639 2311 1654 2366 ΙΙ
1709 2315 1762 2352 12
1810 2323 1921 2365 συμ-

235 2369 471 2426 πτύκτοις]
497 2369 610 2413 Mar
630 2370 748 2413 Plot.
763 2370 825 2412 VI
843 2374 942 2423 515,
970 2376 1021 2412 21
1056 2372 1071 2426 ΙΙ
1109 2375 1162 2413 13
1189 2369 1329 2413 schol.
1348 2370 1397 2413 in
1415 2370 1546 2412 Pind.
1566 2367 1634 2412 Ol.
1661 2369 1682 2410 I
1704 2384 1748 2424 p.
1779 2373 1921 2422 13,13

237 2430 301 2482 (et
335 2428 478 2484 alibi).
545 2428 671 2472 Caes.
705 2429 832 2472 Bass.
859 2429 922 2472 VI
947 2434 1047 2483 259,
1075 2435 1098 2472 2
1140 2432 1154 2486 ΙΙ
1196 2434 1248 2472 15
1281 2429 1394 2472 Mar.
1428 2428 1546 2472 Plot.
1571 2427 1635 2470 VI
1661 2432 1761 2483 537,
1795 2432 1849 2470 23

360 2647 471 2684 1—2
505 2642 623 2685 κατὰ
655 2643 736 2686 τὸν
768 2650 952 2697 πρῶτον
983 2641 1109 2686 πόδα
1142 2645 1191 2686 D
1233 2645 1303 2698 (ut
1335 2641 1543 2685 scholion
1575 2642 1623 2684 in
1655 2656 1746 2698 mg.
1781 2640 1923 2696 scrip-

236 2701 355 2756 tum)
379 2703 394 2756 ΙΙ
419 2706 443 2743 6
477 2699 579 2744 οἷον
611 2715 699 2744 om.
728 2704 789 2758 ΙΙΙ
816 2706 838 2743 7
873 2700 1058 2757 μαίεται
1084 2703 1133 2745 D
1165 2702 1353 2755 schol&
1386 2698 1542 2757 μαίετε
1574 2702 1693 2756 ΑΙΙΙ
1718 2705 1744 2743 8
1775 2699 1826 2743 τὸ
1859 2699 1923 2757 ΙΗ

239 2762 294 2801 10
325 2758 541 2816 πρόσχετε
575 2762 621 2813 Ι,
654 2760 898 2817 προσέχετε
931 2763 1034 2804 AD
1080 2763 1094 2816 ΙΙ
1143 2766 1194 2803 11
1228 2762 1308 2804 καὶ
1340 2769 1404 2803 νῶ
1436 2761 1481 2803 Α
1509 2760 1515 2816 Ι
1550 2759 1735 2802 eosdem
1765 2772 1922 2802 versus

236 2817 373 2861 affert
404 2833 446 2874 p.
475 2824 543 2872 55,
573 2824 624 2862 11
681 2822 695 2874 ΙΙ
756 2824 808 2862 13
842 2820 893 2863 δὲ
926 2834 1013 2862 om.
1048 2821 1097 2863 D
1153 2821 1167 2875 ΙΙ
1228 2825 1279 2862 17
1313 2819 1487 2868 θαλλος
1518 2819 1562 2861 A
1612 2819 1618 2873 Ι
1667 2818 1831 2862 ὤλεσεν
1864 2819 1923 2871 A,

238 2876 433 2979 ὤλεσσεὲ
462 2879 554 2921 DI
586 2881 600 2934 ΙΙ
640 2884 695 2920 20
727 2876 861 2934 κνίση
897 2880 961 2933 A,
995 2877 1154 2936 κνίσσῃ
1188 2879 1308 2935 DI!
1347 2875 1591 2933 θωμηίσας
1622 2878 1763 2933 11121
1798 2874 1923 2933 διμέ-

237 2951 358 2990 τρων
