2090 3158
258 158 364 210 130
951 161 1184 201 ΣΧοΛΙΑ
1214 161 1252 201 Α

254 297 371 362 κόν,
413 294 544 362 ὅπερ
587 297 884 362 Σαπφικὸν
923 292 1136 361 λέγεται
1174 297 1940 365 τεσσαρεσκαιδεκασύλλαβον

254 374 474 445 (Sapph.
502 375 596 446 33)

327 457 543 526 ἠράμαν
581 457 682 525 μὲν
721 455 826 525 ἐγὼ
859 455 1044 524 σέθεν,
1070 452 1241 524 Ἄτθι,
1280 458 1447 510 πάλαι
1485 460 1648 510 πόκαε
1679 457 1936 530 —A(C)

363 538 542 604 23,17
585 545 867 606 πανταχοῦ
904 535 965 590 ἐν
996 544 1070 609 τῷ
1105 538 1329 609 αἰολικῷ
1363 537 1391 590 6
1430 548 1641 607 πρῶτος
1681 541 1938 593 δισύλλα-

207 640 225 671 5
251 622 347 686 βος
388 580 715 688 ἀδιάφοροςε
758 650 824 656 -
851 618 1103 672 AG⁹DI

362 701 456 767 23,
486 701 551 752 18
607 701 667 752 τὸ
726 700 787 752 δὲ
843 699 1207 769 τετράμετρον
1262 699 1635 769 ἀκατάληπτον
1689 703 1940 756 αἰολικὸν

251 790 349 834 τοῦ
390 786 692 850 Σαπφικοῦ
734 782 1007 851 δακτύλῳ.
1023 781 1416 850 μεμειωμένονε
1455 813 1529 820 -—
1556 780 1774 853 AC(D)

361 863 447 932 24,
476 863 502 914 1
555 862 638 915 ὅτι
687 862 714 915 6
768 858 870 928 μὲν
925 862 1191 925 δάκτυλος
1237 862 1447 926 ἀοιδοῖς
1500 866 1711 930 μᾶλλον
1757 863 1938 932 ἐπιτή-

250 946 421 1011 δειος,
465 944 493 997 6
535 941 595 996 δὲ
634 953 886 1012 τροχαῖος
930 944 1325 1012 λογογράφοις,
1367 946 1719 1012 λογαοιδικὸν
1758 950 1938 998 καλεῖ-

183 1045 225 1077 10
250 1046 337 1078 ται
376 1026 435 1078 τὸ
475 1025 692 1094 μέτρον,
734 1024 984 1077 ἀοιδικὸν
1023 1025 1124 1093 μὲν
1157 1027 1250 1078 διὰ
1280 1027 1378 1079 τὸν
1418 1027 1707 1094 δάκτυλον,
1748 1025 1934 1095 ἐπειδὴ

249 1108 553 1175 εὔρυθμος,
607 1107 832 1175 λογικὸν
879 1106 939 1158 δὲ
986 1107 1078 1158 διὰ
1123 1107 1222 1159 τὸν
1268 1116 1541 1176 τροχαῖον.
1619 1108 1707 1160 διὸ
1754 1108 1843 1161 καὶ
1884 1109 1936 1160 οἱ

247 1187 470 1241 παλαιοὶ
517 1188 809 1256 κέχρηνται
858 1188 1024 1259 αὐτῷ,
1076 1188 1164 1240 ὅτε
1211 1187 1444 1241 θέλουσι
1493 1187 1704 1258 τρέχειν
1743 1191 1935 1258 λόγον·

247 1270 470 1338 τοιαύτη
514 1270 574 1322 δὲ
614 1270 646 1337 ἡ
688 1269 945 1338 ῥητορικὴ
987 1269 1369 1338 καταλογάδην
1410 1266 1570 1322 οὖσαι
1608 1269 1864 1324 —AC'I

359 1351 453 1419 24,
486 1351 522 1403 4
575 1349 823 1404 ἐνταῦθα
877 1350 965 1402 καὶ
1022 1349 1049 1402 6
1105 1359 1319 1420 πρῶτος
1371 1352 1511 1413 ποὺς
1571 1353 1935 1420 τρισύλλαβος

182 1452 222 1484 15
250 1433 517 1494 δάκτυλος
555 1430 646 1484 καὶ
687 1431 715 1485 6
758 1432 1037 1501 δεύτερος,
1091 1426 1206 1484 εἶτα
1246 1430 1364 1500 ἑξῆς
1404 1431 1436 1499 ἡ
1477 1433 1735 1502 τροχαϊκὴ
1776 1435 1934 1497 συζυ-

249 1516 354 1582 γία.
393 1545 467 1551 -
507 1514 837 1566 δακτυλικὸν
885 1514 1262 1581 λογαοιδικόν,
1304 1512 1332 1564 ὃ
1373 1517 1614 1565 καλεῖται
1654 1511 1936 1567 Ἀλκαϊκὸν

250 1595 664 1661 δεκασύλλαβον
705 1591 843 1664 (Alo.
875 1592 969 1665 69)

322 1678 415 1729 καί
451 1696 533 1738 τις
574 1674 652 1728 ἐπ’
695 1675 1031 1745 ἐσχατιαῖσιν
1069 1676 1306 1744 <οἴκεις>
1546 1697 1557 1728 :
1596 1707 1670 1715 —-
1693 1674 1858 1747 A(D)

358 1758 444 1826 24,
471 1757 502 1809 8
545 1758 875 1810 δακτυλικὸν
915 1757 1268 1825 λογαοιδικὸν
1307 1758 1367 1810 τὸ
1408 1758 1750 1826 καλούμενον
1781 1762 1934 1825 Πρα-

183 1860 224 1891 20
249 1837 487 1901 ξίλλειον
527 1837 705 1910 (Prax.
731 1837 788 1909 5)

322 1917 362 1973 ὦ
404 1921 495 1972 διὰ
535 1929 646 1972 τῶν
686 1921 942 1990 θυρίδων
981 1921 1153 1973 καλὸν
1186 1919 1515 1988 ἐμβλέποισα
1673 1939 1683 1972 :
1722 1919 1859 1970 —A

357 2002 442 2070 24,
473 2002 541 2054 10
587 2003 723 2070 πρὸς
771 2000 1139 2070 φιλουμένην,
1193 2001 1479 2071 παρθένον
1525 2002 1626 2068 μὲν
1672 2001 1932 2070 φαινομέ-

245 2103 367 2150 νην,
406 2083 478 2151 μὴ
521 2078 696 2135 οὖσαν
736 2083 816 2136 δὲε
858 2114 927 2119 -
961 2082 1016 2135 D

942 2243 1065 2313 cap.
1091 2243 1238 2297 vm.

178 2368 219 2399 25
357 2347 384 2399 6
440 2347 602 2410 αὐτὸς
657 2349 818 2415 λόγος
871 2349 997 2418 περὶ
1050 2358 1161 2401 τῶν
1215 2347 1625 2401 ἄναπαιστικῶν
1678 2346 1768 2400 καὶ
1819 2357 1930 2400 τῶν
1964 2356 2047 2395 173

244 2438 570 2498 τροχαϊκῶν·
603 2428 784 2497 ὥσπερ
819 2427 998 2482 ἐκεῖνα
1031 2438 1175 2482 ποιεῖ
1206 2428 1433 2497 τμηθεὶς
1458 2429 1485 2482 6
1523 2431 1714 2498 ἴαμβος
1738 2429 1928 2496 εὐπρε-
1963 2433 2061 2491 [47]

364 2564 388 2602 3
415 2558 528 2602 ἄτθι
561 2558 737 2614 scripsi,
771 2574 879 2602 nam
905 2558 1158 2602 scholiasta
1180 2561 1309 2603 recta
1332 2560 1502 2616 legisse
1527 2559 1722 2612 videtur,
1748 2557 1851 2602 ἅτοι
1867 2559 1926 2611 A

244 2618 291 2660 in
320 2619 357 2662 C
386 2631 539 2660 versus
565 2619 724 2674 deesssss
741 2623 767 2660 4
794 2617 842 2661 ἐν
868 2632 953 2661 om.
978 2619 1035 2677 ΟΕ
1058 2618 1113 2661 cf.
1141 2632 1281 2675 supra
1306 2619 1366 2662 ad
1392 2624 1489 2672 129,
1502 2623 1556 2660 20
1574 2621 1586 2674 ΙΙ
1605 2623 1629 2660 6
1655 2618 1771 2661 τὸ-
1785 2617 1926 2660 αἰολι-

245 2676 329 2719 κόν
355 2691 441 2719 om.
462 2679 510 2720 D
535 2680 548 2732 Η
573 2681 598 2720 8
625 2679 656 2720 Ι
683 2677 784 2719 init.
813 2677 917 2719 add
945 2679 1024 2733 λογ
1029 2658 1217 2722 αοιδικὰ
1240 2685 1386 2721 ταῦτα
1411 2653 1616 2720 καλεῖται
1644 2679 1649 2732 Ι
1676 2677 1727 2720 τὸ
1760 2675 1926 2749 μέτρον

245 2750 330 2778 om
362 2738 397 2780 C
447 2739 460 2791 ΙΙ
510 2741 563 2778 10
603 2739 710 2792 post
747 2734 913 2791 μέτρον
954 2736 1058 2779 add.
1094 2738 1128 2779 Ι
1163 2737 1223 2787 ὡς
1255 2737 1304 2780 ἐκ
1337 2736 1564 2779 δακτύλου
1597 2735 1675 2778 καὶ
1706 2732 1926 2791 τροχαίου

245 2793 542 2850 συγκείμενον
567 2798 580 2850 ΙΙ
607 2801 660 2838 14
693 2796 772 2838 καὶ
797 2809 883 2838 om.
905 2796 952 2838 D
977 2798 990 2850 ΙΙ
1019 2800 1070 2837 15
1099 2798 1205 2850 post
1230 2795 1443 2850 δεύτερος
1468 2795 1572 2837 add.
1600 2796 1647 2837 D
1673 2794 1920 2850 δακτυλοςΙ

245 2852 453 2910 συζυγία]
494 2854 592 2897 rell.
628 2869 714 2897 om.
748 2855 797 2898 D
851 2856 864 2908 Η
919 2858 972 2895 25
1013 2861 1104 2897 τῶν
1137 2856 1220 2909 (pr.
1254 2854 1302 2910 l.)
1343 2868 1428 2896 om.
1465 2854 1558 2898 AC
1607 2855 1620 2908 ΙΙ
1675 2857 1728 2895 26
1771 2852 1924 2896 ἐκεῖνα

245 2914 289 2955 A
302 2913 407 2965 OD,
440 2912 525 2967 γὰρ
561 2914 708 2958 ἐκεῖνο
739 2911 952 2968 δηλονότι
984 2913 1033 2955 τὸ
1066 2912 1313 2969 τροχαϊκόν
1339 2915 1373 2956 Ι
1407 2917 1412 2967 1
1456 2913 1694 2965 εὐπρεπῶς
1725 2925 1811 2955 om.
1839 2913 1933 2955 DI
