2090 3158
714 173 789 214 v1
821 173 967 214 ΠΕΡΙ
998 174 1300 217 IAMBIKOT
1752 176 1856 228 115
1907 147 1910 150 ’

906 358 1030 429 Cap.
1054 359 1120 413 V.

18 482 132 532 19,ὂ
276 475 463 545 ἐπειδὴ
501 485 649 530 πᾶσα
688 476 903 546 μέτρων
941 478 1078 548 ἀρχὴ
1111 477 1435 549 ἀδιάφορος,
1475 480 1565 533 καὶ
1599 480 1627 534 ὁ
1664 484 1856 550 ἴαμβος

31 558 128 617 [34]
164 555 380 620 ἐδέξατο
429 555 490 611 ἐν
538 558 674 629 ἀρχῇ
722 561 821 613 τὸν
867 561 1186 613 σπονδεῖον·
1234 562 1445 614 τούτου
1487 558 1547 614 δὲ
1585 566 1853 632 κοινωνή-

163 654 360 702 σαντος
405 646 480 711 τῷ
522 639 699 713 μέτρῳ
748 643 839 695 καὶ
879 642 932 694 οἱ
972 640 1073 694 ἀπ’
1111 643 1284 695 αὐτοῦ
1326 641 1590 706 λυθέντες
1630 642 1853 697 ἐκοινώ-

165 735 362 789 νησαν,
403 722 671 785 δάκτυλός
711 743 851 792 φημι
889 722 980 776 καὶ
1021 723 1374 786 ἀνάπαιστος·
1423 722 1452 776 ὁ
1493 725 1596 793 γὰρ
1638 734 1852 794 χορεῖος
1900 744 1920 777 5

159 809 260 856 τοῦ
316 803 517 872 ἰάμβου
572 802 683 856 ἐστὶ
741 805 912 867 λύσις.
954 837 1022 842 -
1074 807 1125 858 εἰ
1168 807 1364 858 τοίνυν
1409 805 1508 858 τὸν
1555 807 1854 859 σπονδεῖον

159 882 234 937 ἐν.
267 892 384 947 ταῖς
430 884 644 952 ἀρτίαις
690 886 756 938 οὐ
806 885 1043 955 δέχεται,
1096 883 1227 939 οὐδὲ
1266 887 1366 939 τὸν
1404 884 1507 939 ἀπ’
1546 886 1719 940 αὐτοῦ
1759 892 1853 942 λυ-

158 964 332 1019 θέντα
386 966 728 1020 ἀνάπαιστον
782 968 994 1036 ὀφείλει
1041 967 1317 1037 δέχεσθαι.
1401 969 1549 1036 παρὰ
1599 965 1701 1038 μὲν
1748 965 1852 1022 οὖν

160 1048 509 1116 ίαμβοποιοῖς
554 1047 681 1117 <καὶ
727 1050 1045 1118 τραγικοῖς)
1090 1057 1254 1102 τοῦτο
1304 1050 1553 1118 σώζεται,
1604 1051 1752 1120 παρὰ
1791 1048 1851 1103 δὲ

157 1137 442 1196 κωμικοῖς,
490 1130 556 1182 οὐ
606 1132 732 1182 λίαν
771 1129 1253 1199 ἀντιποιουμένοις
1293 1131 1601 1200 εὐμετρίας,
1651 1131 1847 1185 οὐκέτι.
1875 1152 1917 1184 ιο

158 1207 279 1280 (τὸν
327 1207 387 1263 δὲ
434 1221 718 1280 τροχαῖον,
766 1212 827 1274 ὃς
866 1212 1163 1266 ἀντιπαθεῖ
1201 1219 1275 1286 τῷ
1311 1213 1562 1285 ἰαμβικῷ,
1613 1217 1850 1283 παρῃτή-

157 1290 329 1362 σατο.)
408 1292 712 1361 εὑρίσκεται
765 1294 826 1346 δὲ
872 1295 1019 1364 παρὰ
1065 1303 1182 1356 τοῖς
1227 1302 1490 1362 κωμικοῖς
1538 1304 1782 1363 συνεχῶς
1820 1294 1849 1348 ὁ

156 1372 512 1436 ἀνάπαιστος·
564 1375 664 1427 τὸν
711 1376 815 1444 γὰρ
862 1377 989 1442 βίον
1037 1370 1191 1428 οὗτοι
1238 1375 1567 1443 μιμούμενοι
1615 1375 1849 1428 θέλουσι

156 1455 345 1508 δοκεῖν
384 1455 788 1524 διαλελυμένως
837 1456 1192 1524 διαλέγεσθαι
1238 1455 1328 1508 καὶ
1367 1456 1439 1524 μὴ
1481 1454 1778 1526 ἐμμέτρως,
1818 1456 1846 1510 ὁ

156 1533 216 1588 δὲ
256 1535 592 1600 ἀνάπαιστος
631 1537 1033 1606 διαλελυμένην
1070 1546 1219 1590 ποιεῖ
1261 1538 1363 1606 τὴν
1403 1538 1616 1606 φράσιν
1654 1538 1747 1590 διὰ
1785 1540 1845 1591 τὸ
1873 1559 1915 1592 15

153 1617 506 1687 †tpc'6mzov·
563 1610 900 1688 ἰαμβοποιοὶι
933 1618 1121 1688 μέντοι
1175 1616 1266 1671 καὶ
1315 1617 1722 1690 τραγῳδοποιοὶ
1775 1620 1846 1682 ὡς

153 1700 225 1767 μὴ
273 1701 430 1762 ὄντες
475 1707 720 1753 τοιοῦτοι
766 1700 834 1753 οὐ
881 1710 1124 1770 συνεχῶς
1170 1699 1481 1770 κέχρηνταιε
1529 1731 1599 1737 —
1631 1699 1851 1754 AODI

37 1790 121 1830 145
266 1779 370 1834 ἀπὸ
422 1782 622 1849 ἰάμβου
670 1791 891 1850 πρῶτον
937 1781 966 1834 ὁ
999 1781 1347 1850 “Ηφαιστίων
1374 1779 1615 1850 ἤρξατο,
1668 1783 1846 1835 καίτοι

19 1869 118 1930 [30]
152 1865 374 1915 πολλῶν
408 1873 681 1931 μετρικῶν
711 1864 777 1915 τὰ
808 1873 996 1929 πρῶτα
1027 1869 1102 1935 τῷ
1137 1863 1388 1935 δακτύλῳ
1420 1865 1846 1932 παρεσχηκότων

151 1943 242 1996 καὶ
286 1944 635 2012 τιμησάντων
680 1946 741 1997 τὸ
788 1954 1010 2013 πρῶτον
1056 1943 1290 2012 εὑρεθὲν
1337 1952 1432 2012 τῆς
1468 1943 1660 2012 τέχνης
1709 1962 1841 2015 προ-
1869 1967 1911 1998 20

152 2026 349 2095 εδρείᾳ.
414 2024 660 2079 ἐνταῦθα
692 2022 796 2078 οὖν
828 2025 856 2079 ὁ
875 2024 1220 2094 Ἡφαιστίων
1250 2023 1376 2093 περὶ
1404 2027 1662 2093 ἰαμβικοῦ
1695 2036 1841 2094 πρῶ-

274 2189 326 2229 18
359 2185 473 2230 Mar.
492 2185 612 2230 Viet.
640 2185 723 2230 GL
748 2185 811 2229 Vt
837 2190 907 2240 69,
927 2191 980 2229 12
996 2201 1096 2243 sqq,
1145 2186 1267 2230 Serv.
1294 2185 1359 2228 IV
1383 2190 1484 2240 457,
1503 2191 1559 2228 20
1570 2200 1669 2242 sqq.

272 2339 296 2376 2
331 2333 500 2390 ἐπειδὴ·
523 2335 574 2378 δὲ
607 2336 642 2378 I
691 2335 697 2389 Ι
756 2332 922 2390 μέτρου
958 2334 995 2378 Ο
1044 2336 1058 2391 ΙΙ
1113 2340 1138 2379 3
1172 2332 1219 2378 δ’
1249 2334 1564 2389 ἐκοινώνησαν
1595 2333 1751 2378 πάντα
1784 2335 1842 2378 τὰ

149 2390 289 2449 μέτρα
325 2394 361 2438 C
411 2396 426 2449 {l
479 2399 506 2437 4
545 2395 653 2450 post
693 2393 1008 2449 ἐκοινώνησαν
1048 2393 1154 2438 add.
1188 2396 1222 2437 Ι
1254 2395 1335 2438 καὶ
1374 2389 1501 2436 οὗτοι
1541 2397 1602 2451 τῷ
1642 2394 1843 2454 ἰαμβικῷ

150 2450 294 2508 μέτρῳ
325 2454 339 2508 ΙΙ
371 2458 396 2495 5
430 2452 660 2497 δάκτυλον
693 2455 741 2496 et
771 2451 1066 2497 ἀνάπαιστον
1098 2454 1146 2496 D
1170 2455 1186 2510 ΙΙ
1211 2458 1233 2495 7
1269 2453 1319 2498 ἐν
1338 2479 1392 2484 -
1411 2450 1594 2506 ἀρτίαις
1625 2465 1712 2496 om.
1747 2455 1797 2497 D
1827 2456 1843 2510 ΙΙ

150 2514 175 2552 9
209 2511 288 2554 καὶ
319 2520 556 2568 τραγικοῖς
588 2512 695 2554 add.
725 2511 867 2555 Gaisf.
902 2511 978 2567 (cf.
1012 2512 1153 2556 schol.
1187 2527 1231 2569 p.
1262 2517 1360 2564 124,
1381 2516 1433 2554 12
1447 2514 1585 2567 sqq),
1620 2512 1699 2555 καὶ
1731 2529 1839 2566 τρα-

151 2573 429 2628 γῳδοποιοΐς
451 2570 663 2627 Westph.
695 2573 700 2628 Ι
729 2571 780 2615 δὲ
803 2579 900 2620 τοῖς
923 2573 956 2614 Ι
974 2573 988 2627 ΙΙ
1015 2576 1069 2615 10
1094 2569 1337 2629 εὐμετρίας
1360 2571 1538 2626 scripsi,
1565 2570 1841 2626 συμμετρίας

151 2628 281 2672 codd.
307 2631 322 2684 ΙΙ
350 2635 400 2673 11
443 2629 768 2688 παρῃτήσαντο
803 2629 941 2673 Turn.
968 2632 982 2687 ΙΙ
1009 2636 1062 2674 14
1094 2631 1247 2675 καὶ-
1269 2635 1320 2673 17
1355 2628 1406 2674 κέ
1438 2646 1603 2685 ρηνται
1643 2644 1730 2672 om.
1761 2631 1799 2676 C
1825 2635 1839 2687 ΙΙ

152 2691 205 2729 16
236 2687 457 2745 τρίσημον
489 2703 543 2732 ex
575 2689 797 2746 χρήσιμον
823 2703 935 2732 corr.
963 2690 1025 2743 D,
1058 2689 1343 2747 τετράσημον
1368 2690 1402 2731 F
1425 2703 1487 2732 or.
1518 2691 1524 2740 Ι
1553 2689 1614 2738 ὡς
1645 2703 1731 2733 om.
1759 2691 1838 2747 Du

151 2749 401 2802 18—116‚1
428 2762 512 2804 pro
539 2749 979 2804 ἀπὸ-τιμιώτερον
1000 2749 1036 2793 Ο
1063 2748 1208 2792 habet
1232 2749 1315 2806 οὐχ
1342 2746 1410 2791 ὅτι
1434 2755 1523 2790 τῶν
1549 2747 1698 2791 ἄλλων
1723 2764 1838 2805 προ-

147 2803 385 2860 τιμότερον
416 2807 468 2851 τὸ
501 2806 741 2865 ἰαμβικόν,
781 2807 874 2851 ἀπὸ
907 2808 1074 2852 τούτου
1107 2807 1131 2852 ὁ
1160 2806 1448 2864 “Ηφαιστίων
1481 2806 1673 2861 ἤρξατο·
1714 2815 1837 2863 πρῶ-

148 2879 229 2907 τον
268 2864 354 2921 γὰρ
393 2867 474 2910 καὶ
511 2867 780 2922 τιμιώτερον
818 2866 870 2909 τὸ
911 2866 1191 2911 δακτυλικόν
1244 2869 1259 2923 ΙΙ
1315 2871 1368 2910 18
1409 2865 1579 2923 ἰάμβου
1620 2866 1670 2910 δὲ
1704 2867 1796 2910 DI
1821 2868 1836 2926 ῙῙ

152 2925 373 2978 21-116,
395 2930 415 2967 1
454 2925 663 2969 ἐνταῦθα
682 2952 736 2958 --
756 2924 894 2981 λόγον
926 2939 1013 2969 om.
1040 2926 1089 2969 D

1509 2999 1569 3042 8*
