2060 3168
243 221 353 273 324
828 222 1077 264 APPEND.
1110 222 1348 264 DIONYS.

240 357 477 411 ἐδύνατο
517 359 620 426 γὰρ
663 357 838 408 εἰπεῖν

400 442 580 507 Τρῶες
620 435 679 490 δ’
719 436 1032 505 ἐρρίγησαν,
1073 435 1219 498 ὅπως
1257 438 1392 505 ὄφιν
1432 439 1621 490 αἰόλον
1661 434 1828 491 εἶδον.

237 519 376 588 τάχα
424 516 484 571 δὲ
530 519 618 571 καὶ
666 525 761 585 τῆς
798 525 898 569 τοῦ
938 519 981 584 φ
1023 517 1219 580 δασέος
1266 519 1427 580 ὄντος
1465 515 1669 588 ᾔσθετο
1711 518 1738 571 ὁ
1777 538 1935 588 ποιη-

242 601 337 669 τὴς
377 599 737 669 ἐκφωνήσεως
777 598 947 650 πλέον
978 618 1029 650 τι
1062 596 1294 667 ἐχούσης
1326 600 1417 652 διὰ
1454 600 1554 667 τὴν
1588 602 1934 669 σφοδρότητα

192 703 217 734 ·5
242 689 342 734 τοῦ
388 682 723 749 πνεύματος,
771 679 861 731 καὶ
909 678 1098 747 ἀρκεῖν
1143 679 1383 748 ἡγήσατο
1431 681 1493 733 τὸ
1544 688 1760 748 πνεῦμα
1797 682 1935 751 πρὸς

241 762 632 831 ἀναπλήρωσιν
670 768 770 813 τοῦ
812 762 1034 829 χρόνου.
1112 761 1286 823 οὕτως
1324 762 1414 814 καὶ
1454 760 1540 814 ἐπὶ
1580 769 1679 815 τοῦ

392 846 640 911 Ζεφυρίη
681 845 949 894 πνείουσα
991 840 1046 912 (η
1077 840 1204 913 119)

239 925 300 977 τὸ
341 925 473 977 αὐτὸ
514 923 584 976 ἂν
623 929 720 992 εἰη.
785 921 1159 995 “Ηλιοδώρῳ
1200 921 1261 976 δὲ
1301 925 1454 976 δοκεῖ
1490 923 1577 977 ἐπὶ
1615 928 1837 982 πολλῶν
1868 933 1932 995 τῇ

241 1007 432 1076 δασεία
470 1005 641 1058 πλέον
681 1025 732 1057 τι
771 1003 972 1071 νέμειν.
1049 1002 1128 1057 ἔτι
1169 1001 1230 1057 δὲ
1268 1005 1357 1057 καὶ
1398 1006 1457 1057 τὸ

171 1110 215 1141 10
390 1086 576 1155 ἐπειδὴ
618 1089 740 1139 λίπε
781 1087 937 1152 δῶμα
975 1089 1278 1149 Καλυψοῦς
1316 1087 1582 1155 ἠϋκόμοιο
1626 1085 1693 1156 (θ
1715 1086 1849 1158 452)

241 1168 542 1238 ἀκέφαλον·
583 1168 643 1220 τὸ

387 1249 488 1312 ἕως
513 1248 617 1317 ἐγὼ
643 1249 768 1318 περὶ
792 1257 949 1301 κεῖνα
971 1250 1153 1301 πολὺν
1172 1251 1367 1316 βίοτον
1383 1247 1725 1319 ξυναγείρων
1743 1247 1801 1320 (δ
1819 1247 1932 1322 90),

236 1324 396 1393 <κα1>

385 1397 485 1460 ε’ως
525 1397 553 1450 ὁ
593 1395 769 1450 ταῦθ’
800 1398 1040 1464 ὥρμαινε
1078 1398 1214 1449 κατὰ
1246 1395 1424 1465 φρένα
1456 1397 1546 1449 καὶ
1578 1399 1712 1450 κατὰ
1743 1400 1932 1465 θυμόν

172 1502 212 1533 15
1308 1477 1384 1549 (A
1412 1478 1516 1529 193
1543 1475 1631 1548 al)

236 1564 443 1628 γελοῖοι
483 1559 552 1612 ἂν
592 1552 704 1613 εἷεν
745 1560 797 1612 οἱ
836 1561 938 1627 τὴν
975 1558 1149 1627 μέσην
1186 1560 1401 1628 μακρὰν
1440 1560 1834 1629 προτάττοντες
1871 1558 1932 1613 ἑν

236 1648 311 1714 τῷ
366 1643 636 1708 ποδίζειν,
691 1641 753 1693 τὸ
802 1639 919 1701 ἕως
966 1641 1081 1703 ὤες
1137 1639 1389 1709 λέγοντες
1443 1641 1532 1693 καὶ
1579 1643 1640 1694 τὸ
1696 1640 1932 1710 βορέης

236 1722 492 1792 ἠσβορέ.
571 1724 617 1775 εἰ
659 1719 718 1775 δὲ
767 1723 852 1774 δεῖ
890 1721 1051 1791 τέχνῃ
1091 1725 1327 1791 βοηθεῖν
1366 1728 1441 1794 τῷ
1475 1723 1664 1793 στίχῳ,
1708 1740 1931 1790 προενε-

236 1805 395 1857 κτέον
434 1805 531 1856 τὸν
570 1813 792 1873 πρῶτον
830 1805 974 1856 πόδα
1013 1807 1111 1871 ὥς,
1159 1805 1231 1866 ὡς
1271 1805 1600 1871 συνιζήσεως
1637 1803 1931 1872 γινομένης

173 1909 214 1939 20
239 1889 317 1948 είς
356 1887 414 1938 τὸ
454 1889 515 1954 ὦ,
566 1893 755 1953 κοινῆς
796 1886 964 1952 οὔσης
1002 1893 1097 1952 τῆς
1137 1884 1395 1953 δευτέρας
1433 1885 1568 1937 κατὰ
1606 1885 1704 1937 τὸν
1742 1887 1930 1952 τρίτον

238 1969 446 2036 τρόπον
484 1974 580 2034 τῆς
617 1974 821 2034 κοινῆς.
898 1966 959 2018 τὸ
1003 1966 1063 2018 δὲ

390 2048 489 2110 ἕως
530 2047 635 2116 ἐγὼ
675 2048 800 2116 περὶ
839 2057 994 2100 κεῖνα
1035 2046 1093 2116 (δ
1123 2045 1216 2118 90)

242 2130 563 2198 ἀβοήθητόν
619 2129 731 2181 ἐστι
786 2129 876 2181 καὶ
922 2130 1167 2181 τάττεται
1217 2130 1294 2190 εἰς
1339 2129 1436 2181 τὸν
1481 2138 1592 2181 τῶν
1638 2128 1930 2198 ἀκεφάλων

242 2213 435 2263 τόπον·
478 2211 544 2263 οὐ
585 2211 687 2278 γὰρ
734 2209 966 2262 ἐδύνατο
1007 2213 1344 2278 βοηθεῖσθαι
1384 2210 1457 2271 ὡς
1495 2210 1555 2262 τὸ
1598 2207 1673 2280 (A
1702 2210 1805 2262 193
1839 2207 1927 2280 al.)

174 2315 214 2345 ‘25
388 2291 487 2354 ἕως
528 2291 555 2343 ὁ
595 2290 768 2343 ταῦθ’
808 2291 1046 2360 ὥρμαινε
1085 2292 1218 2343 κατὰ
1259 2290 1453 2359 φρένα,

358 2442 382 2478 3
401 2436 614 2479 Eustath.
636 2436 696 2479 ad
719 2453 744 2492 γ
760 2441 844 2478 230
862 2451 906 2492 p.
925 2440 1052 2490 1465,
1066 2441 1119 2479 10
1138 2436 1438 2494 (Grossmann
1463 2452 1506 2492 p.
1521 2439 1592 2492 11)
1609 2437 1624 2495 Η
1643 2442 1696 2480 16
1711 2436 1926 2480 Eustaizh.

241 2496 299 2538 ad
333 2498 373 2539 E
398 2501 482 2538 349
515 2510 558 2551 p.
588 2500 689 2549 555,
701 2500 726 2538 5
752 2497 765 2551 ΙΙ
791 2500 846 2537 20
877 2494 1030 2550 τρίτος
1058 2493 1248 2553 τρόπος]
1273 2495 1455 2538 Heliod.
1484 2509 1556 2551 ap.
1579 2495 1736 2539 Choer.
1757 2500 1925 2548 205,12

361 2618 380 2655 1
418 2613 622 2668 ἠδύνατο
655 2615 734 2669 ΡΙΙ
760 2617 784 2655 2
819 2611 922 2657 ἴδον
956 2613 1086 2656 codd.
1113 2615 1127 2669 {l
1159 2618 1184 2656 3
1217 2614 1316 2671 καὶ]
1351 2613 1399 2657 ἐκ
1433 2615 1487 2657 K
1512 2615 1526 2670 ΙΙ
1557 2619 1583 2656 4
1616 2612 1755 2657 πλέον
1787 2630 1830 2656 τι
1863 2614 1924 2670 ἐχ.

241 2684 327 2714 om.
357 2674 405 2715 K
426 2674 439 2727 ΙΙ
467 2678 488 2715 7
524 2670 747 2728 ζεφυρίην
780 2672 900 2725 ΚΕ,
933 2673 1178 2728 ζεφυρείην
1210 2674 1255 2715 P
1281 2675 1295 2728 ΙΙ
1327 2677 1410 2715 8-
1416 2677 1440 2715 9
1473 2679 1527 2729 τῇ
1559 2670 1724 2732 δασείᾳ
1757 2672 1926 2715 schol.B

241 2730 544 2786 291,10,τὴν
578 2735 771 2775 δασεῖαν
806 2731 938 2774 codd.
979 2734 992 2787 11
1032 2736 1056 2774 9
1090 2731 1264 2789 νέμειν]
1290 2730 1465 2788 μέλλειν
1492 2733 1545 2774 K
1571 2733 1584 2787 ΙΙ
1617 2736 1669 2775 11
1700 2717 1784 2774 καὶ
1818 2734 1927 2775 ante

240 2789 290 2831 τὸ
324 2790 458 2832 inser.
493 2790 711 2833 Hoersch.
767 2791 780 2845 ΙΙ
836 2794 888 2832 12
923 2798 1049 2834 κεῖνο
1083 2792 1187 2834 KP
1236 2792 1250 2847 ΙΙ
1303 2795 1355 2833 13
1389 2791 1468 2833 καὶ
1499 2791 1634 2833 inser.
1660 2790 1878 2833 Hoersch

246 2852 297 2889 14
323 2850 401 2890 καὶ
425 2866 464 2891 κ.
490 2852 539 2891 θ.
560 2863 646 2892 0111.
667 2850 712 2892 P
732 2850 745 2904 ΙΙ
773 2852 824 2890 17
851 2849 901 2892 τὸ
924 2851 1006 2904 (pr.
1026 2849 1073 2904 l.)
1099 2851 1344 2906 ο111.ΚΡΙΙ
1371 2854 1424 2892 18
1451 2849 1638 2907 ἠσβορέ]
1665 2800 1925 2921 ἠσφέρεΡΗ

245 2912 296 2948 19
331 2924 391 2955 ως
421 2907 481 2956 ὡς
513 2909 567 2961 Ρ,
601 2907 685 2957 ἕως
717 2909 778 2956 ὡς
810 2909 879 2960 Κ;
914 2908 970 2951 cf.
1003 2908 1216 2951 Eus'oath.
1253 2911 1267 2964 ΙΙ
1308 2914 1360 2950 22
1394 2916 1519 2951 κεῖνο
1553 2910 1606 2952 Κ
1639 2911 1653 2964 ΙΙ
1693 2913 1748 2950 24
1779 2906 1924 2952 τόπον

244 2979 329 3008 om.
357 2967 401 3008 P
