2090 3158
729 147 810 189 111.
845 147 991 187 ΠΕΡΙ
1021 146 1252 188 ΠΟΔΩΝ.
1766 145 1829 196 11

328 281 690 351 τετράχρονος
737 277 798 333 δὲ
845 273 940 349 εἷς,
980 279 1039 333 ἐκ
1078 281 1180 333 δύο
1220 289 1471 349 μακρῶν,
1527 280 1834 342 σπονδεῖος.

141 362 230 432 (2)
279 362 648 431 Τρισύλλαβοι
688 362 752 414 δὲ
784 363 838 414 οἱ
877 362 1091 415 τούτων
1131 363 1485 424 διπλασίονες
1523 361 1684 413 ὀκτώ·

327 445 616 512 τρίχρονος
655 437 749 510 εἷς,
790 441 849 496 ἐκ
888 452 1058 512 τριῶν
1108 445 1406 513 βραχειῶν,
1460 444 1757 512 τρίβραχυς
1804 441 1833 495 ὁ

1207 523 1296 577 καὶ
1338 532 1565 595 χορ-εἷος.

327 606 685 676 τετράχρονοι
725 603 787 659 δὲ
824 614 993 675 τρεῖς·
1882 626 1902 659 5

403 687 461 740 ἐκ
499 695 709 757 μακρᾶς
747 685 837 740 καὶ
878 687 981 740 δύο
1022 690 1311 758 βραχειῶν,
1353 686 1645 749 δάκτυλος·

402 768 460 821 ἐκ
507 770 764 838 βραχείας
808 767 899 822 καὶ
945 777 1155 838 μακρᾶς
1207 770 1297 822 καὶ
1345 770 1620 839 βραχείας,
1668 767 1837 837 ἀμφί-

1210 853 1440 920 βρακυς·

401 931 460 985 ἐκ
500 932 604 985 δύο
645 935 918 1002 βραχειῶν
956 931 1047 984 καὶ
1086 940 1312 1001 μακρᾶς,
1351 931 1701 994 ἀνάπαιστος.

325 1014 692 1083 πεντάχρονοι
732 1010 792 1066 δὲ
833 1014 887 1066 οἱ
920 1018 1030 1066 ἴσοι
1069 1014 1286 1076 τούτοις
1324 1023 1492 1083 τρεῖς·
1860 1033 1903 1065 10

403 1093 462 1147 ἐκ
501 1096 760 1164 βραχείας
797 1093 888 1147 καὶ
930 1095 1032 1147 δύο
1073 1104 1318 1165 μακρῶν,
1357 1097 1633 1163 βακχεῖος·

403 1176 462 1229 ἐκ
493 1184 702 1246 μακρᾶς
725 1175 815 1229 καὶ
840 1178 1096 1245 βραχείας
1119 1175 1211 1229 καὶ
1236 1187 1462 1247 μακρᾶς,
1488 1176 1836 1245 ἀμφίμακρος

1210 1257 1242 1326 ἢ
1283 1259 1560 1328 κρητικός·

53 1349 108 1389 13
401 1338 461 1393 ἐκ
507 1340 611 1392 δύο
657 1349 883 1408 μακρῶν
929 1337 1020 1391 καὶ
1066 1341 1348 1408 βραχείας,
1394 1340 1835 1408 παλιμβάκχειος.

328 1419 621 1491 ἑξάχρονος
661 1418 721 1474 δὲ
762 1414 855 1488 εἷς,
894 1419 953 1473 ἐκ
993 1430 1163 1490 τριῶν
1201 1430 1444 1490 μακρῶν,
1483 1422 1761 1488 μολοττός.
1860 1441 1902 1474 15

141 1504 225 1571 (3)
272 1504 715 1572 Τετρασύλλαβοι
764 1502 825 1555 δὲ
872 1503 922 1555 οἱ
971 1503 1578 1564 τούτωνεδιπλασίονες
1627 1500 1709 1572 ις’,
1757 1497 1835 1555 ὧν

0 1589 105 1650 1[24]
325 1585 688 1654 τετράχρονος
734 1577 834 1651 εἷς,
882 1582 941 1637 ἐκ
988 1584 1271 1653 τεσσάρων
1310 1587 1600 1653 βραχειῶν,
1639 1602 1834 1654 προκε-

4 1715 6 1717 ,
1208 1667 1550 1732 λευματικός·

326 1747 693 1815 πεντάχρονοι
727 1743 787 1799 δὲ
827 1745 1105 1816 τε’σσαρες’

400 1827 461 1881 ἐκ
491 1836 702 1896 μακρᾶς
732 1826 823 1880 καὶ
856 1837 1024 1898 τριῶν
1054 1829 1346 1897 βραχειῶν,
1387 1828 1567 1880 παιὼν
1598 1837 1834 1896 πρῶτος·
1860 1850 1902 1881 20

401 1909 461 1963 ἐκ
514 1912 772 1978 βραχείας
826 1907 916 1961 καὶ
970 1917 1180 1979 μακρᾶς
1233 1911 1322 1962 καὶ
1386 1911 1488 1962 δύο
1543 1912 1834 1979 βραχειῶν,

2 1991 17 2029 ‘⁷
1210 1992 1390 2044 παιὼν
1432 1992 1711 2061 δεύτερος·

403 2072 461 2125 ἐκ
517 2073 621 2125 δύο
676 2076 948 2142 βραχειῶν
1001 2071 1093 2125 καὶ
1148 2081 1358 2141 μακρᾶς
1410 2071 1500 2125 καὶ
1559 2075 1833 2141 βραχείας,

1208 2155 1389 2207 παιὼν
1427 2157 1636 2220 τρίτος·

402 2235 460 2288 ἐκ
485 2245 656 2304 τριῶν
679 2238 952 2304 βραχειῶν
974 2235 1065 2289 καὶ
1096 2245 1323 2304 μακρᾶς,
1363 2237 1542 2289 παιὼν
1565 2235 1834 2305 τέταρτος.
1860 2256 1901 2288 25

328 2315 611 2386 ἑξάχρονοι
653 2314 713 2369 δὲ
753 2316 830 2380 ἕξ·

4 2402 106 2465 [25]
403 2398 461 2451 ἐκ
502 2399 604 2452 δύο
629 2401 903 2467 βραχειῶν
941 2397 1031 2451 καὶ
1065 2400 1167 2451 δύο
1193 2408 1436 2467 μακρῶν,
1469 2397 1713 2461 Ἰωνικὸς
1744 2396 1828 2451 ἀπ’

1210 2480 1516 2542 ἐλάττονος·

263 2727 284 2765 1
321 2722 344 2766 ὁ
379 2724 624 2773 σπονδεῖος
655 2723 748 2766 DI
779 2725 793 2777 ΙΙ
830 2728 854 2765 2
889 2722 933 2765 οἱ
966 2736 1054 2766 om.
1090 2724 1161 2778 ΙΙΙ
1195 2727 1219 2764 3
1253 2720 1495 2779 τρίχρονος
1527 2718 1592 2771 εἷς
1623 2721 1740 2765 Flor.
1776 2722 1831 2764 Is.

143 2781 295 2825 Tzetz.
320 2782 414 2825 ΑΡ
437 2782 458 2824 Ι
483 2785 552 2836 68,
581 2787 657 2836 123
690 2782 737 2824 in
771 2782 903 2824 codd.
938 2779 1004 2831 εἷς
1034 2783 1140 2837 posb
1171 2780 1420 2839 τρίβραχυς
1442 2784 1456 2836 ΙΙ
1484 2786 1536 2823 10
1570 2780 1614 2824 οἱ
1647 2795 1734 2824 om.
1765 2783 1795 2823 I
1820 2785 1833 2837 J

123 2847 126 2851 '
146 2845 197 2882 17
216 2842 636 2896 προκελευματικὸς
653 2842 694 2884 Α
718 2843 946 2896 (semper),
971 2840 1417 2895 προκελευσματικὸς
1440 2840 1539 2884 rell.
1565 2843 1578 2896 Η
1604 2844 1659 2882 20
1678 2840 1831 2883 παιών

144 2900 184 2953 Ι,
216 2897 370 2944 παίων
395 2903 614 2956 (semper)
640 2901 744 2944 AD
776 2899 927 2943 Tzetz.
954 2901 994 2942 A
1012 2899 1046 2942 P
1071 2900 1090 2942 Ι
1115 2904 1185 2953 68,
1213 2905 1267 2943 32
1287 2915 1384 2956 sqq.
