2090 3158
738 153 760 192 1
776 162 863 194 e-s
894 152 1038 192 ΠΕΡΙ
1067 151 1303 193 ΚοῙΝΗΣ
1766 152 1871 204 103

4 306 14 362 p
183 286 353 340 πλέον
391 284 651 339 ἕλκουσιν
688 287 825 354 ἥπερ
865 287 994 348 ὄνος
1031 283 1122 338 καὶ
1161 287 1315 353 βοῦς,
1355 284 1471 339 ἐπεὶ
1510 289 1576 340 τὰ
1612 287 1871 342 ἀνισοδύ-

8 373 11 378 ’
182 388 328 438 ναμα
361 367 748 437 ἐμποδίζουσιν
779 368 1000 435 ἄλληλα.
1035 397 1107 404 —
1147 366 1215 419 οὐ
1248 375 1510 420 ποιοῦσιν
1542 364 1645 430 οὖν
1676 371 1871 437 κοινὴν

183 451 467 519 συλλαβὴν
507 450 609 502 δύο
650 450 870 518 ἄφωνα,
920 445 1063 515 ἐπεὶ,
1110 447 1182 511 ὡς
1222 453 1453 518 εἴρηται,
1503 447 1698 517 ἑκάστη
1741 455 1871 503 συλ-

0 575 2 577 .
184 532 321 599 λαβὴ
369 527 480 600 ἔχει
526 531 651 583 τινὰ
696 532 923 599 σιωπήν.
1000 529 1074 592 ὡς
1113 526 1218 582 οὖν
1257 529 1653 599 ἀσθενέστερα,
1701 534 1869 584 πλείω

0 595 13 635 ³
183 614 389 698 χρόνον
434 610 664 665 ἐποίουν
710 611 772 664 ἐν
818 620 882 682 τῇ
930 613 1141 680 κινήσει
1191 610 1282 664 καὶ
1330 609 1584 681 ἠλέγχετο
1624 611 1656 680 ἡ
1698 615 1869 681 κοινή.
1918 636 1937 667 5

184 695 275 747 διὰ
322 689 426 748 οὖν
474 695 573 762 τὴν
613 693 787 762 αὐτὴν
833 694 1015 746 αἰτίαν
1062 693 1189 746 ούτε
1227 693 1538 763 ὑπάρχουσι
1578 694 1698 762 -Ῐ-τόε
1737 695 1872 764 σύμ-

183 795 368 844 φωνα,
415 773 602 843 ἐπειδὴ
650 773 883 827 ἕκαστον
929 774 1112 828 αὐτῶν
1162 775 1275 844 ἰδιά
1324 778 1622 843 λεγόμενον
1667 778 1872 845 χρόνον

181 858 306 909 τινὰ
354 857 580 926 διήνυεν
627 855 715 909 καὶ
764 855 1020 925 ἠλέγχετο
1067 857 1099 924 ἡ
1148 858 1321 924 κοινή.
1399 865 1498 909 τοῦ
1540 853 1600 909 δὲ
1641 857 1871 927 ἀφώνου

181 938 306 1003 <mxi
345 938 558 1007 ὑγροῦ)
599 938 702 990 οὐκ
740 935 1037 1006 ἐλέγχεται;
1075 969 1149 975 -
1172 937 1327 991 ACI
1331 936 1433 1008 (D)

296 1019 346 1090 5,
376 1020 444 1072 14
491 1018 767 1088 ἐπιφορὰν
813 1018 959 1088 λέγει
998 1019 1137 1072 ὥστε
1183 1022 1364 1086 μόνως
1404 1019 1767 1090 ἐπιφέρεσθαι
1807 1021 1872 1073 τὰ
1897 1043 1939 1076 ιο

182 1102 456 1171 σύμφωνα
501 1100 592 1154 καὶ
639 1103 710 1170 μὴ
758 1102 820 1154 τὸ
866 1098 967 1168 μὲν
1014 1104 1227 1170 λήγειν,
1274 1102 1335 1154 τὸ
1385 1098 1446 1154 δὲ
1485 1101 1870 1171 ἐπιφέρεσθαι·

181 1191 345 1236 τοῦτο
372 1179 476 1236 οὗν
500 1182 646 1251 λέγει
670 1184 806 1236 κατὰ
829 1183 1120 1250 σύλληψιν.
1150 1213 1215 1219 -
1251 1180 1394 1251 ἑξῆς
1424 1183 1462 1251 †
1480 1181 1870 1252 ἐπιφερομέ-

180 1264 323 1334 νην]
369 1264 645 1335 ἐπιφορὰν
684 1263 855 1334 λέγει,
903 1265 1041 1317 ὥστε
1089 1260 1230 1316 εἶναι
1279 1265 1414 1317 κατὰ
1461 1265 1738 1333 σύλληψιν
1775 1273 1872 1333 τῆς

182 1345 302 1416 ἑξῆς
343 1349 619 1415 συλλαβῆς
658 1346 907 1416 ἀρκτικοέε
947 1377 1021 1383 -
1045 1345 1181 1398 AC⁹

0 1410 14 1527 ᾗ
293 1429 343 1496 6,
367 1429 400 1480 2
442 1429 515 1491 ὥς
552 1448 723 1481 τινων
762 1427 1032 1497 οἰομένων
1070 1429 1141 1496 μὴ
1178 1435 1359 1481 ποιεῖν
1390 1428 1585 1497 κοινὴν
1615 1429 1675 1481 τὸ
1709 1430 1747 1497 [a
1777 1429 1867 1481 καὶ
1893 1451 1935 1485 15

180 1512 241 1563 τὸ
282 1512 338 1562 νε
377 1542 450 1547 -
475 1509 582 1563 AC

293 1591 340 1660 6,
366 1592 399 1644 3
426 1590 499 1663 (P)
547 1593 726 1645 καίτοι
773 1592 845 1660 μὴ
894 1590 1216 1660 γενομένης,
1265 1592 1311 1644 εἰ
1352 1593 1387 1644 '0³
1434 1591 1730 1660 ἡμίφωνον
1769 1599 1869 1644 τοῦ

182 1673 524 1742 ἀμεταβόλου
563 1682 886 1743 προηγοῖτο;
917 1704 992 1710 —
1015 1671 1126 1725 AG

63 1764 146 1804 109
293 1756 342 1823 6,
370 1755 398 1806 7
439 1755 736 1824 τροχαῑκὸν
782 1755 887 1824 γὰρ
934 1755 994 1807 τὸ
1033 1753 1255 1824 μέτρον·
1307 1754 1397 1807 καὶ
1437 1752 1550 1807 ἔδει
1589 1755 1686 1807 τὸν
1724 1764 1871 1824 πρῶ-

48 1842 146 1901 [13]
180 1857 279 1890 τον
327 1837 543 1890 ἁπλοῦν
588 1837 730 1889 πόδα
777 1833 917 1889 εἶναι
956 1844 1236 1905 τροχαῖον·
1288 1835 1350 1890 ἐν
1389 1837 1492 1906 γὰρ
1533 1844 1651 1899 ταῖς
1687 1855 1871 1906 περιτ-
1895 1859 1938 1891 20

180 1928 296 1982 ταῖς
335 1920 395 1971 τὸ
436 1919 730 1988 τροχαῖκὸν
768 1918 835 1972 οὐ
877 1917 1087 1987 δέχεται
1129 1919 1450 1986 σπονδεῖον,
1496 1916 1613 1971 ἀλλ’
1654 1917 1714 1971 ἐν
1751 1926 1870 1980 ταῖς

0 1963 9 2073 f
181 2000 405 2068 ἀρτίαις.
483 1998 557 2071 (6,
582 1999 640 2071 5)
672 2021 743 2068 ην
774 1995 879 2053 οὖν
909 1999 941 2068 η
978 2014 1033 2052 σι
1069 1999 1263 2068 μακρα,
1304 1998 1709 2069 ἐπιφερομένου
1742 1998 1870 2068 μέν-

0 2098 4 2170 ἶ

0 2180 7 2220 Ι

180 2103 265 2135 τοι
304 2090 404 2135 τοῦ
444 2102 517 2151 μν
557 2081 750 2150 γέγονε
789 2084 970 2150 κοινήε
1009 2113 1082 2119 —
1106 2079 1323 2134 ACDI

64 2174 148 2212 110
293 2163 439 2233 6,10
486 2164 625 2216 ὥστε
679 2157 820 2215 εἶναι
876 2163 1013 2216 αὐτὰ
1066 2164 1202 2216 κατὰ
1250 2163 1541 2216 διάστασιν
1589 2163 1867 2231 δηλονότι·

181 2245 326 2299 οὕτω
367 2246 471 2315 γὰρ
513 2244 542 2298 ὁ
583 2242 841 2313 ἐξηγητής
882 2259 1076 2313 φησινε
1115 2245 1249 2296 -Ι
1894 2266 1936 2298 25

299 2367 354 2405 25
380 2359 749 2405 Choeroboscum
775 2361 868 2404 dici
894 2360 1066 2404 coniee.
1085 2360 1399 2405 Hoerschelm.
1426 2360 1517 2404 coll
1550 2359 1708 2404 Choer.
1729 2364 1867 2413 47‚16

301 2455 321 2492 1
365 2452 472 2506 post
511 2451 622 2508 βοῦς
662 2449 767 2493 add.
802 2451 851 2493 D
890 2448 1182 2506 ἐμποδίζεται
1220 2449 1308 2506 γὰρ
1348 2448 1552 2504 ἀλλήλων
1586 2449 1642 2492 τὰ
1678 2448 1737 2504 μὴ
1772 2449 1868 2492 ἰσο-

181 2511 381 2566 δύναμα,
413 2509 512 2553 rell.
547 2523 633 2552 om.
668 2511 718 2553 D
763 2511 777 2565 ΙΙ
824 2514 849 2551 6
882 2509 939 2552 τὰ
971 2509 1218 2567 σύμφωνα]
1261 2509 1346 2554 δύο
1378 2506 1598 2565 ἡμίφωνα
1632 2507 1775 2558 Caes.,
1810 2507 1867 2551 cf.

181 2568 339 2613 Choer.
362 2573 431 2621 47,
452 2574 507 2612 20
532 2571 546 2625 ΙΙ
571 2573 595 2611 9
629 2569 707 2612 καὶ
739 2569 883 2625 ὑγροῦ
915 2568 1090 2613 inserui
1114 2571 1127 2625 ΙΙ
1154 2574 1207 2611 10
1234 2567 1543 2624 ἐπιφορὰν-
1563 2572 1615 2610 12
1650 2567 1868 2623 ἐπιφερο-

181 2626 323 2684 μένην
350 2642 435 2671 om.
457 2629 494 2671 C
514 2630 528 2695 Ι]
556 2633 607 2671 12
641 2626 760 2685 λέγει
784 2626 856 2671 vel
880 2626 1057 2684 λέγεται
1083 2627 1328 2682 scribend.‚
1360 2627 1486 2683 λήγει
1504 2628 1548 2671 A
1576 2629 1582 2682 1
1610 2625 1749 2670 verba
1776 2626 1808 2670 ἑ.
1833 2626 1864 2670 ἐ.

181 2687 386 2730 desunt
374 2702 422 2729 1n
442 2688 489 2740 Ο
515 2689 563 2730 in
581 2687 662 2730 A
650 2702 698 2729 m
722 2687 876 2730 medio
893 2687 1025 2730 textu
1050 2687 1283 2744 leguntur,
1310 2686 1392 2729 sed
1411 2687 1678 2742 corruptum
1698 2685 1868 2728 lemma

179 2747 396 2790 videntur
419 2748 432 2802 ΙΙ
460 2752 512 2789 13
546 2745 658 2791 ὥστε
683 2742 824 2820 εἶναι]
857 2763 941 2802 την
968 2746 1037 2790 vel
1068 2763 1151 2796 τας
1179 2747 1215 2791 C
1246 2749 1259 2802 ΙΙ
1293 2750 1402 2789 17-
1414 2750 1466 2788 18
1499 2759 1559 2788 an
1591 2745 1652 2788 ad
1678 2749 1718 2797 6
1741 2749 1822 2787 10?
1854 2747 1868 2790 ’ξ

181 2810 355 2848 22—23
394 2819 478 2862 pro
517 2803 802 2861 ἢν--κοινή
839 2805 889 2848 in
921 2807 970 2850 D
1003 2807 1074 2850 est
1114 2806 1206 2850 ἔδει
1246 2803 1332 2850 οὖν
1372 2801 1493 2848 εἷται
1528 2803 1612 2860 τὴν
1645 2802 1867 2858 δευτέραν

181 2866 403 2922 βραχεῖαν
442 2866 522 2909 καὶ
562 2862 737 2921 γίνεται
778 2863 859 2909 δια
897 2871 977 2908 τοῦ
1010 2882 1039 2920 μ
1079 2865 1159 2908 καὶ
1192 2882 1217 2908 ν
1264 2866 1269 2922 Ι
1317 2863 1344 2920 ἡ
1381 2870 1422 2906 σι’
1455 2880 1610 2919 μακρα
1641 2864 1751 2915 4C,
1786 2869 1867 2906 τοῦ

181 2923 422 2979 εὔυμνος
452 2924 503 2967 τὸ
538 2941 566 2967 υ
596 2922 774 2980 μακρόν
806 2925 951 2979 11124
983 2924 1096 2967 αὐτὸ
1129 2925 1161 2967 Ι
