2090 3158
259 172 331 224 34
457 173 880 214 ΗΦΑΙΣΤΙΩΝΟΣ
909 173 1299 213 ΕΓΧΕΙΡΙΔΙΟΝ
1330 173 1475 213 ΠΕΡΙ
1504 171 1765 214 ΜΕΤΡΩΝ.

407 308 674 376 ἠρίστησα
713 304 814 374 μὲν
856 309 1033 376 ἰτρίου
1075 309 1274 358 λεπτοῦ
1315 307 1511 373 μικρὸν
1551 305 1805 374 ἀποκλάς,
1983 312 2080 371 [65]

409 394 568 442 οἴνου
593 387 643 441 δ’
676 387 891 452 ἐξέπιον
914 388 1109 440 κάδον·
1148 395 1257 440 νῦν
1281 385 1331 439 δ’
1362 387 1543 455 ἁβρῶς
1567 386 1828 457 ἐρόεσσαν

406 471 594 533 ψάλλω
627 470 878 538 πηκτίδα,
903 477 968 539 τῇ
1001 471 1134 539 φίλῃ
1160 468 1421 535 κωμάζων
1444 466 1654 536 Ἰπαιδὶ
1680 468 1835 537 ἁβρη.

258 552 770 620 πολυσχημοίτιστον
817 547 918 617 μὲν
959 546 1063 602 οὖν
1102 550 1235 602 αὐτὸ
1274 557 1559 617 ποιοῦσιν,
1612 548 1748 601 ἀλλὰ
1785 551 1847 601 τό
1886 569 1947 618 γε

214 654 233 685 5
259 638 516 730 καθαρῶς
548 631 1014 701 ἐσχηματισμένον
1047 629 1162 683 ἐστὶ
1193 638 1464 683 τοιοῦτον.
1498 662 1567 667 -
1609 631 1692 698 (5)
1731 627 1847 684 ἔστι
1887 627 1948 683 δε

257 715 474 767 πυκνὸν
512 715 600 766 καὶ
634 714 694 766 τὸ
727 714 828 781 τὴν
860 711 1126 781 δευτέραν
1148 715 1324 781 μόνην
1350 711 1780 780 ἀντισπαστικὴν
1803 709 1947 781 ἔχον,

258 789 299 847 ὧ
349 793 524 866 μέτρω
572 792 813 864 ἔγραψεν
860 793 1072 864 ἆσμα-τα
1119 814 1209 846 και
1249 794 1468 861 Σαπφὼ
1517 791 1604 845 ἐπὶ
1653 793 1802 861 -Ι-τῆς
1847 800 1946 846 τοῦ
1981 802 2037 841 35

259 874 497 943 ἑβδόμου
539 874 659 947 (90)

405 961 615 1026 γλυκῆα
646 956 831 1026 μᾶτερ,
865 958 931 1009 οὔ
964 977 1049 1008 τοι
1082 957 1321 1023 δύναμαι
1352 954 1553 1024 κρέκην
1583 957 1680 1007 τὸν
1721 956 1875 1008 ἱστὸν

190 1059 232 1091 10
404 1041 566 1111 πόθῳ
607 1040 837 1106 δαμεῖσα
875 1039 1072 1100 παιδὸς
1110 1038 1383 1106 βραδίναν
1420 1035 1490 1088 δι’
1523 1035 1873 1106 ’.Αφροδίταν
1912 1038 1913 1041 ’

367 1121 450 1188 (6)
476 1121 548 1173 Τὸ
575 1117 634 1173 δὲ
660 1121 1033 1188 ἀκαταληκτον
1057 1123 1297 1172 καλεῖται
1316 1119 1614 1187 Σαπφικὸν
1639 1117 1947 1171 ἑκκαιδεκα-

258 1202 562 1270 σύλλαβον,
625 1203 667 1273 95
730 1203 790 1254 τὸ
852 1204 1041 1270 τρίτον
1101 1202 1234 1254 ὅλον
1296 1204 1569 1268 Σαπφοῦς
1629 1199 1946 1269 γέγραπται,
1981 1204 2082 1263 [66]

255 1284 431 1335 πολλὰ
470 1280 530 1335 δε
570 1304 657 1335 και
691 1282 948 1335 Ἀλκαίου
987 1282 1200 1353 ασματα
1239 1280 1359 1353 (85)

403 1365 671 1432 ,Νύμφαις
694 1365 810 1426 ταὶς
827 1365 964 1426 Διὸς
989 1362 1041 1426 ἐξ
1069 1365 1294 1432 αἰγιόχω
1321 1371 1481 1431 φαῖσι
1505 1361 1871 1430 τετυγμέναις.

190 1466 230 1498 15
259 1447 458 1511 Σιμίας
501 1442 559 1498 δὲ
600 1447 689 1498 καὶ
728 1452 803 1517 τῷ
842 1445 1302 1516 ὑπερκαταλήκτῳ
1342 1443 1596 1513 κέχρηται

403 1528 500 1579 τὸν
548 1529 791 1595 στυγνὸν
830 1528 1202 1579 ΛΜελανίππου
1251 1527 1433 1595 φόνον
1481 1527 1536 1578 αἱ
1576 1527 1947 1594 πατροφόνων

1321 1605 1524 1676 ἔριθοι,

257 1690 389 1757 ὅπερ
430 1690 519 1741 καὶ
559 1693 800 1742 καλεῖται
841 1691 1128 1756 Σιμιακόν.
1171 1721 1239 1725 ——

367 1771 453 1838 (7)
479 1768 536 1822 Ὁ
568 1767 627 1823 δὲ
654 1769 893 1832 Ἀλκαῖος
918 1769 1012 1840 (48
1025 1767 1070 1841 a)
1096 1771 1185 1822 καὶ
1211 1769 1559 1841 πενταμέτρῳ
1594 1769 1943 1840 ἀκαταλήκτω

189 1873 232 1903 20
257 1850 521 1920 ἐχρήσατο

403 1934 656 2000 Κρονίδα
694 1936 957 2001 βασιλῆος
996 1933 1157 2002 γένος
1196 1930 1367 2001 Αἶαν,
1414 1934 1510 1985 τὸν
1550 1934 1778 2000 ἄριστον
1818 1931 1937 1985 πέδ’

1320 2014 1573 2083 Ἀχιλλέα.

374 2179 399 2215 4
432 2173 671 2230 Priapium
705 2210 715 2218 .
744 2212 750 2218 .
781 2211 788 2218 .
823 2174 1062 2225 πολυειδές
1093 2175 1288 2219 Diom.I
1321 2180 1421 2229 505,
1456 2178 1509 2217 18

377 2334 398 2371 1
432 2326 655 2385 ἠρίστησα
688 2326 771 2385 μὲν
797 2331 853 2373 Η
875 2330 1041 2373 Athen.
1061 2329 1122 2372 XI
1140 2329 1601 2385 4720,7'29t6v²56a5128v
1627 2330 1745 2385 ΑΙΙΙ
1771 2333 1795 2371 2
1830 2328 1943 2372 κάδ-

255 2388 339 2430 δον
383 2389 413 2429 Ι
469 2389 482 2443 ΙΙ
545 2393 570 2429 3
602 2387 823 2444 κωμάζων
856 2391 903 2444 Ι,
948 2388 1159 2445 κωμάζοι·
1192 2391 1236 2432 A
1296 2392 1300 2444 Ι
1359 2389 1494 2432 παιδὶ
1534 2388 1654 2446 ἁβρῆ
1688 2389 1790 2443 ΑΙ,
1831 2387 1943 2433 ποδί

255 2444 374 2503 ἓὲβρῆ
407 2448 478 2501 Η,
519 2446 567 2489 in
611 2447 874 2500 corruptela
912 2447 1031 2490 latet
1069 2461 1238 2491 nomen
1276 2448 1515 2504 proprium
1547 2446 1759 2502 Wilam,
1802 2445 1937 2490 παῖδ’

254 2504 373 2563 ἁβρῇ
406 2505 636 2549 Hotchkis
671 2509 685 2561 ΙΙ
726 2511 749 2548 7
782 2512 862 2561 τῆς
892 2514 974 2550 τοῦ
999 2508 1065 2560 A,
1097 2523 1145 2550 τε
1177 2514 1257 2550 τοῦ
1290 2508 1359 2559 Η,
1393 2514 1476 2550 τοῦ
1510 2506 1565 2561 C,
1595 2512 1676 2562 τῆς
1706 2508 1761 2561 Ρ,
1792 2509 1942 2549 τελευ-

253 2570 335 2619 τῆς
365 2571 446 2607 τοῦ
478 2564 634 2621 Bergk
667 2567 681 2621 ΙΙ
717 2571 741 2608 9
775 2568 951 2622 γλυκηα
984 2568 1050 2620 A,
1083 2568 1269 2622 γλυκεῖα
1302 2542 1396 2610 ΙΗ
1428 2568 1433 2621 Ι
1468 2565 1635 2621 κρέκην
1661 2566 1726 2620 Α,
1759 2564 1940 2619 κρέκειν

260 2624 348 2665 [Η
378 2624 383 2679 Ι
419 2622 545 2667 ἱστὸν
574 2625 632 2677 A,
666 2623 792 2667 ἰστὸν
824 2626 858 2667 Ι
887 2627 891 2681 Ι
930 2629 983 2667 10
1017 2624 1246 2682 βραδιναν
1274 2626 1308 2667 Ι
1333 2627 1346 2680 ΙΙ
1380 2629 1431 2667 11
1468 2624 1942 2679 ἑξκαιδεκασύλλαβον

256 2682 372 2736 ΑΙΙΙ
400 2687 453 2724 14
487 2681 676 2739 αἰγιόχω
702 2684 742 2737 Ι,
776 2682 986 2740 αἰγιόχου
1011 2684 1150 2739 ΑΗΙ
1179 2691 1313 2739 φαῖσι
1338 2685 1446 2737 AP,
1480 2684 1625 2739 φασὶν
1654 2685 1699 2738 C,
1733 2683 1847 2738 φασὶ
1881 2685 1942 2739 ΙΙΙ

256 2746 308 2782 21
342 2739 466 2783 Αἶαν
500 2743 555 2784 Η
585 2742 589 2797 Ι
625 2739 731 2785 πέδ’
770 2741 963 2786 Casaub
998 2742 1070 2798 (of.
1107 2742 1264 2786 Choer.
1295 2745 1470 2799 78‚14)‚
1502 2740 1634 2785 παῖδ’
1674 2741 1804 2785 codd.
