2060 3168
202 910 244 941 10

202 1250 246 1281 15

202 1591 244 1621 20

203 1922 245 1954 25

203 2262 246 2294 30

205 2609 246 2640 35

268 166 336 217 37
344 166 374 217 8
1022 168 1198 208 TPIXA

271 299 441 356 ἔχωμεν
473 298 725 357 λαμβάνειν
756 299 813 342 τά
851 295 1221 356 παραδείγματα.
1255 325 1310 331 -—
1346 299 1452 342 Εἰσὶ
1484 298 1535 343 δὲ
1567 299 1646 342 καὶ
1676 298 1842 342 τούτου
1872 304 1955 341 τοῦ

269 364 434 422 μέτρου
467 364 739 419 ἀποθέσεις,
778 363 983 409 τουτέστι
1018 363 1309 420 καταλήξεις,
1339 373 1585 420 τοσαῦται,
1627 364 1732 409 ὅσαι
1763 364 1842 408 καὶ
1872 371 1955 408 τοῦ

269 432 424 484 ἁπλῶς
455 434 747 485 δακτυλικοῦ,
781 430 921 487 μόναι
951 439 1085 486 τρεῖς.

387 498 730 554 Μονόμετρα
762 497 844 553 μὲν
877 495 962 541 οὗν
995 498 1080 541 οὐκ
1113 496 1216 552 εἰσί,
1250 495 1316 543 δι’
1344 498 1399 549 ἃς
1432 498 1610 554 ἔφαμεν
1641 496 1794 549 αἰτίας
1818 498 1868 542 ἐν
1891 500 1956 557 τῷ

269 566 376 620 περὶ
407 567 699 609 δακτυλικοῦ.

387 630 634 688 Δι’μετρα
667 630 718 675 δὲ
746 629 902 683 πάλιν,
935 630 1247 687 υαταληκτικα
1273 631 1355 687 μὲν
1383 631 1447 682 εἰς
1473 630 1716 689 συλλαβήν,
1741 631 1958 687 οὐδαμῶς

270 699 387 742 εἰσὶν
422 699 646 752 ἐνταῦθα,
679 698 740 749 ὡς
771 694 875 741 οὐδ’
907 698 1004 742 ἐκεῖ
1013 713 1020 720 ·
1056 698 1318 753 ἐμπεσεῖται
1349 697 1436 754 γὰρ
1466 697 1608 742 πάλιν
1634 697 1699 749 εἰς
1721 697 1772 741 τὸ
1798 695 1825 752 ἢ
1851 697 1956 754 ἰαμ-

269 764 377 822 βικὰ
411 768 567 809 δοκεῖν
600 763 626 820 ἢ
659 763 897 822 τροχαϊκά.
934 790 988 817 ἡ
1021 762 1249 820 Δι’μετρον
1283 763 1332 809 δὲ
1364 764 1584 809 Αἰολικὸν
1617 763 1954 820 καταληκτικὸν

269 831 335 882 εἰς
366 831 641 888 δισύλλαβοι)
673 831 724 874 τὸ

537 898 585 942 ἐκ
619 895 758 942 σέθεν
791 896 893 953 μέν·

270 964 362 1022 ἔχει
400 964 487 1021 γὰρ
530 963 612 1008 ἕνα
650 980 699 1008 τε
738 964 863 1009 πόδα
904 965 1180 1022 δισύλλαβον
1214 965 1292 1008 καὶ
1324 965 1410 1008 δύο
1446 963 1695 1022 συλλαβάς,
1739 964 1822 1021 οὐχ
1856 962 1957 1007 ὁλό-

269 1034 437 1086 κληρον
470 1030 596 1074 πόδα
626 1031 940 1089 τρισύλλαβον.
975 1058 1031 1063 —-
1063 1029 1292 1087 Δίμετρον
1325 1031 1376 1076 δὲ
1408 1030 1729 1088 ἀκατάληκτον
1760 1031 1812 1074 τὸ

535 1096 680 1155 μέγαν
712 1097 957 1156 ἄμβροτον.

392 1171 670 1229 Τρίμετρα
702 1171 769 1227 δέ,
804 1173 1139 1228 καταληκτικὸν
1172 1172 1254 1229 μὲν
1289 1173 1353 1224 εἰς
1385 1172 1614 1230 συλλαβὴν
1646 1172 1696 1215 τὸ

539 1239 588 1283 ἐκ
620 1238 760 1283 σέθεν
793 1239 875 1296 μὲν
909 1239 1014 1283 ἄνα.

271 1306 608 1362 καταληπτικὸν
641 1305 692 1350 δὲ
725 1306 790 1357 εἰς
822 1306 1099 1364 δισύλλαβον
1130 1305 1182 1348 τὸ

539 1371 641 1417 ἴσον
673 1371 752 1428 μοί
783 1389 830 1416 τε
864 1371 1086 1428 φανέντα.

271 1439 592 1495 ἀκατάληπτον
626 1438 676 1483 δὲ
707 1436 950 1495 τρίμετρον
981 1439 1033 1482 τὸ

537 1506 638 1550 ἴσον
671 1504 748 1562 μοι’
781 1522 828 1549 τε
862 1504 1071 1562 φανέντα
1104 1521 1166 1562 γε.

392 1584 496 1625 Τῶν
545 1579 595 1624 δὲ
645 1578 1035 1636 τετραμέτρων
1083 1579 1421 1635 καταληκτικὸν
1476 1578 1558 1635 μὲν
1607 1580 1671 1630 εἰς
1727 1577 1954 1636 συλλαβήν

271 1649 364 1693 ἐστι
393 1648 445 1692 τὸ

537 1706 560 1752 ὃ
595 1705 642 1750 δ’
673 1707 753 1763 ἔην
785 1705 1010 1763 μείναντα
1042 1705 1175 1751 θεόν.

269 1781 605 1838 καταληπτικὸν
639 1780 689 1825 δὲ
723 1780 788 1832 εἰς
820 1780 1111 1837 δισύλλαβον,
1145 1777 1168 1823 ὃ
1195 1779 1272 1822 καὶ
1294 1776 1582 1835 “Ηφαιστι’ων
1609 1778 1958 1834 ἐπισημειοῢται

270 1848 351 1891 διὰ
381 1849 432 1891 τὸ
466 1850 696 1906 πολλαχοῦ
729 1848 853 1906 αὐτῷ
878 1848 1135 1904 κεχρῆσθαι
1167 1846 1274 1896 τοὺς
1305 1845 1546 1898 παλαιούς,
1578 1844 1629 1888 τὸ

537 1915 586 1959 ἐκ
620 1913 761 1958 σέθεν
794 1912 877 1969 μὲν
909 1913 1090 1956 ἄνασσα
1125 1910 1348 1967 φανέντα.

269 1981 573 2038 τετράμετρον
607 1980 658 2026 δὲ
690 1979 1011 2035 ἀκατάληκτον
1043 1979 1094 2022 τὸ

537 2047 638 2092 ἴσον
672 2045 748 2103 μοί
780 2063 827 2090 τε
861 2044 1069 2102 φανέντα
1102 2044 1382 2101 ἁμαρτάδος.
1986 2043 2060 2101 (w

271 2115 349 2158 καὶ
380 2122 516 2158 τοῦτο
550 2114 600 2159 δὲ
633 2112 971 2170 ἐπισημότατόν
1004 2112 1140 2157 ἐστιν.
2058 2118 2060 2123 ’

390 2188 753 2244 Πεντάμετρα
796 2186 849 2231 δέ
887 2188 994 2241 εἰσι,
1038 2187 1375 2242 καταληκτικὸν
1416 2184 1496 2241 μὲν
1539 2185 1604 2236 εἰς
1644 2184 1872 2242 συλλαβὴν
1904 2185 1955 2228 τὸ

538 2255 587 2298 ἐκ
620 2254 759 2299 σέθεν
791 2253 874 2311 μὲν
906 2253 1090 2297 ἄνασσα
1122 2252 1469 2309 δανεισάμενον.

271 2329 606 2385 καταληκτικὸν
639 2328 690 2374 δὲ
723 2329 788 2379 εἰς
820 2328 1093 2384 δισύλλαβον
1125 2327 1176 2371 τὸ

540 2395 641 2439 ἴσον
673 2393 750 2452 μοι’
781 2411 827 2438 τε
862 2393 1071 2450 φανέντα
1103 2392 1371 2450 ἁμαρτάδος
1403 2390 1544 2443 ἐκτός.

272 2472 350 2514 καὶ
388 2477 534 2513 ταῦτα
575 2469 626 2514 δὲ
667 2467 866 2524 ἐπίσημα
905 2475 1000 2517 τοῖς
1039 2470 1257 2516 παλαιοῖς
1297 2467 1426 2510 εἰσιν.
1463 2493 1517 2498 -
1544 2463 1872 2522 Άκατάληκτον
1906 2465 1956 2509 δὲ

272 2537 586 2592 πεντάμετρνν
617 2536 669 2580 τὸ
2054 2551 2060 2586 ς

538 2603 585 2647 ἐκ
621 2602 758 2647 σέθεν
792 2601 874 2657 μὲν
908 2601 1088 2645 ἄνασσα
1121 2599 1460 2656 δανεισάμενον
1493 2598 1660 2655 πάχος·
2057 2590 2060 2612 ³

393 2778 446 2814 ‘23
481 2773 629 2827 Heph.
658 2777 727 2825 21,
749 2777 801 2814 13

395 2925 415 2961 7
455 2918 480 2974 ἠ
514 2919 651 2976 Jung,
684 2919 763 2962 καὶ
797 2919 898 2962 ΡΚ
928 2921 941 2974 ΙΙ
975 2923 1028 2960 22
1063 2915 1137 2961 ’ὅδ’
1168 2917 1246 2973 ἔην
1280 2917 1385 2960 PK
1410 2919 1424 2973 l}
1457 2920 1510 2958 35
1545 2913 1882 2969 δανεισαμένου
1915 2915 1960 2957 Ρ
