2060 3168
17 2630 142 2687 (172)

487 158 588 199 XII.
613 157 737 198 xm.
764 157 870 197 XIV
901 156 1048 197 ΠΕΡΙ
1078 155 1203 197 ΤΟΤ
1235 155 1551 197 ΕΛΕΓΕΙΟΤ
1757 153 1866 206 283

177 293 498 362 ἀπήρτισται
545 291 649 360 γὰρ
697 291 774 352 εἰς
818 288 984 359 μέρος
1031 291 1202 358 λόγου
1249 290 1311 342 τὸ
1359 291 1642 358 πλάγχθη,
1696 288 1786 341 καὶ
1833 290 1866 357 ἡ

177 372 296 442 ἑξῆς
336 375 556 443 ἄρχεται
597 372 701 424 ἀπὸ
735 375 1053 440 φωνήεντος
1084 378 1184 423 τοῦ
1219 390 1258 423 ε.
1322 370 1749 440 ἀμφίμακρον
1789 370 1866 437 δέ,

175 457 249 519 ὡς
287 453 350 508 ἐν
387 461 462 527 τῷ
497 454 576 525 (Γ
596 452 725 524 164)

324 537 391 589 οὔ
431 538 487 589 τί
521 555 615 603 μοι
654 536 797 603 αἰτίη
841 534 976 602 ε’σσί,
1017 536 1147 587 θεοί
1183 535 1254 587 νύ
1293 554 1386 602 μοι
1428 536 1598 586 αἴτιοί
1635 534 1791 586 εἰσιν.

174 617 264 671 καὶ
298 618 441 670 εἰσὶν
473 617 534 670 ἐν
564 617 741 689 τούτῳ
774 625 920 686 τρεῖς
951 615 1311 685 ἀμφίμακροι,
1343 613 1405 668 ἔν
1429 635 1486 668 τε
1509 623 1574 685 τῇ
1607 617 1710 684 W
1735 619 1864 668 συλ-
1912 635 1932 668 5

177 702 313 768 λαβῇ
355 700 457 752 δύο
497 697 587 751 καὶ
629 698 690 751 έν
728 704 802 770 τῷ
836 699 1003 766 αἰτίη·
1044 697 1436 766 ἀπηρτισμένοι
1477 698 1581 765 γάρ
1615 697 1757 750 εἰσιν
1789 697 1867 758 εἰς

173 781 338 849 μέρος
401 783 570 849 λόγου
631 778 721 832 καὶ
783 780 879 841 τὰς
937 779 1056 848 ἑξῆς
1111 782 1334 848 ἔχουσιν
1389 778 1493 831 ἀπὸ
1550 781 1867 847 φωνήεντος

174 862 490 931 ἀρχομένας.
523 894 596 899 -
621 859 698 914 Ἡ
731 861 792 914 δὲ
830 860 954 929 ἕκτη
996 859 1146 930 χώρα
1187 861 1485 913 σπονδεῖον
1524 859 1735 929 δέχεται
1775 861 1866 912 καὶ

172 953 451 1013 τροχαῖον·
506 942 596 996 ἐπὶ
643 943 848 1005 παντὸς
893 943 998 1011 γὰρ
1045 942 1248 1012 μέτρου
1298 942 1603 1011 ἀδιάφορός
1641 939 1793 994 ἐστιν
1831 941 1863 1010 ἡ

172 1027 455 1078 τελευταία
495 1027 757 1094 συλλαβή.
1891 1044 1932 1076 10

283 1107 333 1160 2.
396 1105 718 1176 Ἡρωϊκὸν
773 1102 841 1158 δὲ
899 1109 1194 1158 καλεῖται
1248 1106 1308 1157 τὸ
1363 1105 1588 1175 μέτρον,
1643 1104 1863 1174 ε’πείπερ

162 1186 395 1258 ’Όμηρος
450 1188 479 1242 ὁ
533 1189 760 1256 ποιητὴς
814 1188 908 1250 τὰς
962 1196 1072 1239 τῶν
1121 1187 1319 1258 ἡρώων
1371 1186 1592 1256 πράξεις
1647 1186 1864 1250 διεξιὼν

171 1270 347 1342 τούτῳ
387 1270 638 1339 κέχρηται
681 1276 756 1342 τῷ
789 1268 981 1340 μέτρῳ.

283 1351 332 1404 3.
387 1353 504 1421 Χρὴ
553 1348 613 1404 δὲ
661 1352 955 1419 γινώσκειν
1002 1351 1084 1403 ὅτι
1125 1350 1154 1404 ὁ
1202 1348 1303 1419 μὲν
1349 1351 1865 1420 παλιμβάκχειος

171 1434 248 1495 εἰς
301 1434 402 1501 τὴν
461 1431 727 1501 δευτέραν
783 1433 1062 1500 συλλαβὴν
1123 1433 1518 1502 θεραπεύεται,
1576 1431 1864 1485 τουτέστιν
1890 1453 1931 1484 15

171 1515 264 1566 ἵνα
303 1517 440 1584 λήγῃ
482 1515 618 1581 αὐτὴ
659 1515 691 1582 ἡ
733 1513 962 1582 δευτέρα
1001 1514 1246 1582 συλλαβὴ
1291 1521 1390 1566 τοῦ
1431 1515 1862 1583 παλιμβακχείου

172 1597 248 1658 εἰς
294 1595 459 1666 μέρος
511 1597 678 1663 λόγου
725 1595 814 1647 καὶ
862 1596 895 1663 ἡ
944 1593 1064 1664 ἑξῆς
1105 1597 1332 1665 ἄρχηται
1380 1595 1486 1649 ἀπὸ
1528 1598 1863 1664 φωνήεντος,

169 1670 294 1730 οἷον
335 1676 392 1748 (α
417 1676 474 1748 2)

317 1760 600 1828 πλάγχθη,
650 1757 762 1812 ἐπεὶ
811 1760 1007 1828 Τροίης
1050 1759 1202 1828 ἱερὸν
1240 1761 1578 1827 πτολίεθρον
1618 1761 1861 1827 ἔπερσεν.

168 1840 197 1892 ὁ
247 1841 307 1893 δὲ
355 1840 771 1910 ἀμφίμακρος
818 1840 954 1893 κατὰ
1009 1841 1109 1908 τὴν
1163 1843 1378 1910 τρίτην,
1435 1843 1718 1909 λήγουσαν
1771 1839 1862 1893 καὶ
1888 1861 1931 1892 20

169 1923 373 1991 ταύτην
420 1922 618 1990 ὁμοίως
666 1923 743 1984 εἰς
779 1921 945 1990 μέρος
985 1923 1154 1990 λόγου
1194 1921 1285 1974 καὶ
1325 1923 1426 1990 τὴν
1467 1921 1586 1990 ἑξῆς
1625 1920 1862 1991 ἔχουσαν

171 2003 276 2056 ἀπὸ
316 2006 632 2073 φωνήεντος
673 2003 1000 2072 ἀρχομένην,
1042 1995 1165 2056 οἷον
1206 2002 1284 2074 (Γ
1306 2001 1435 2074 164)

318 2085 385 2136 οὔ
426 2086 480 2136 τί
516 2105 608 2153 μοι
649 2085 794 2152 αἰτίη
835 2082 973 2153 ἐσσί,
1014 2089 1146 2138 θεοί
1181 2086 1251 2138 νύ
1290 2105 1384 2154 μοι
1425 2087 1596 2138 αἴτιοί
1632 2087 1788 2139 εἰσιν.

279 2165 328 2217 4.
366 2163 528 2234 ’Έπη
578 2166 638 2218 δὲ
686 2165 938 2233 λέγονται
978 2169 1181 2235 κυρίως
1222 2168 1274 2219 οἱ
1314 2174 1414 2219 τοῦ
1455 2166 1695 2235 ἡρωϊκοῦ
1737 2169 1862 2220 τού-

165 2266 266 2299 του
306 2246 509 2316 μέτρου
550 2255 649 2300 τοῦ
691 2246 780 2299 καὶ
822 2245 1117 2316 ἑξαμέτρου
1158 2250 1348 2317 στίχοι.
1887 2270 1930 2302 2⁵

943 2416 1087 2471 XIV.

684 2522 844 2591 Περὶ
884 2529 998 2574 τοῦ
1040 2521 1353 2590 ἐλεγείου.

284 2626 328 2677 1.
385 2626 456 2678 Τὸ
505 2626 566 2678 δὲ
614 2625 855 2693 ἐλεγεῖον
900 2625 1103 2695 μέτρον
1148 2625 1295 2688 τινὲς
1340 2626 1442 2694 μὲν
1488 2626 1862 2694 πεντάμετρον

166 2706 301 2759 αὐτό
356 2721 529 2775 φασιν
585 2700 755 2774 εἶναι,
810 2706 1167 2769 συντιθέντες
1221 2708 1314 2769 τὰς
1368 2704 1470 2773 μὲν
1524 2708 1626 2759 δύο
1683 2709 1862 2776 χώρας

288 2854 313 2892 6
337 2851 478 2909 τρεῖς]
505 2865 593 2895 om.
621 2851 878 2907 quartum
865 2867 913 2894 1n
940 2868 1081 2895 αιτιοι
1097 2853 1112 2910 Η
1132 2857 1184 2894 16
1209 2852 1324 2910 ληγῃ
1352 2852 1486 2895 scrib
1506 2866 1562 2895 ex
1587 2866 1692 2908 app.
1708 2852 1860 2905 Dion„

166 2926 196 2966 ῃ
230 2910 362 2953 codd.
389 2912 403 2966 ll
428 2915 542 2953 20—
547 2915 601 2953 21
629 2924 688 2953 an
713 2911 793 2954 καὶ
818 2911 994 2967 aiam?
1026 2911 1245 2955 Hoersch
1271 2915 1286 2967 l}
1311 2916 1365 2954 29
1392 2911 1506 2956 αὐτὸ
1532 2911 1621 2956 del.
1640 2911 1858 2955 Hoersch.
