2090 3158
548 173 632 213 XV
649 182 780 215 19-26
811 172 957 212 ΠΕΡΙ
987 171 1439 212 ΑΣΤΝΑΡΤΗΤΩΝ
1737 169 1837 222 161

148 312 356 375 εἰρηται
397 303 459 359 δὲ
499 307 583 360 ὅτι
623 308 724 374 τὴν
763 307 987 374 πρώτην
1020 306 1286 373 συζυγίαν
1320 304 1505 372 τρέπει
1544 307 1682 373 πρὸς
1713 308 1842 368 τοὺς

148 387 415 454 τέσσαρας
476 388 847 455 δισυλλάβους
908 387 996 440 καὶ
1059 386 1221 455 ἡνίκα
1289 388 1495 454 γίνεται
1558 387 1590 454 ἡ
1653 388 1839 454 πρώτη

148 469 397 537 (μακρὰ)
443 468 565 521 ἀντὶ
612 470 893 537 βραχείας,
940 470 1150 537 γίνεται
1198 467 1227 520 ὁ
1273 467 1530 536 τέταρτος
1569 467 1842 536 ἐπίτριτος

148 551 329 618 ὥσπερ
384 548 645 603 ἐνταῦθα.
728 553 853 616 τρία
898 552 1095 603 τοίνυν
1140 548 1390 602 τέθεικεν
1430 547 1495 602 ἐκ
1543 550 1646 602 δύο
1695 549 1842 602 ἀντι-

148 630 408 684 σπάστων
445 632 594 699 παρὰ
631 632 734 700 τὴν
771 635 1090 684 τελευταίαν
1121 633 1418 699 συλλαβήν.
1480 633 1843 700 καταληκτικὰ
1866 654 1884 686 5

148 715 251 781 γὰρ
292 707 445 765 εἶπεν
486 710 628 765 εἶναι
670 713 822 766 αὐτά.

28 803 112 842 211
259 794 345 861 55,
371 794 403 846 8
453 795 851 862 ὃικατάληκτον
890 795 919 848 ὃ
966 793 1331 863 Φερεκράτης]
1383 793 1496 847 ἐπεὶ
1536 795 1597 847 τὸ
1638 793 1696 846 ἐκ
1737 796 1840 848 δύο

147 875 587 928 ἆντισπαστικῶν
626 878 1034 944 καταληκτικῶν
1075 876 1473 944 δικατάληκτον
1513 872 1680 928 εἶπεν.

0 961 122 1022 [106]
259 956 345 1024 55,
372 958 404 1009 9
447 957 800 1023 σύμπτυκτον
840 957 1202 1010 ἀνάπαιστονε
1250 958 1351 1026 οὐχ
1393 957 1476 1010 ὅτι
1518 956 1570 1020 ἐξ
1612 957 1859 1010 ἀναπαί-’

148 1053 282 1091 στου
323 1039 621 1106 σύγκειται,
662 1037 779 1091 ἀλλ’
819 1036 1000 1092 ἔοικεν
1033 1038 1093 1091 ἐν
1131 1039 1437 1107 παραβάσει
1471 1039 1618 1110 αὐτῷ
1652 1047 1840 1108 κεχρῆ-
1867 1062 1908 1094 ιο

147 1125 282 1173 σθαι
326 1119 354 1173 ὁ
399 1121 743 1189 Φερεκράτης
788 1121 921 1187 μετὰ
968 1121 1028 1172 τὸ
1076 1121 1378 1187 κομμάτιον
1418 1119 1478 1172 ἐν
1517 1126 1594 1191 τῷ
1642 1125 1838 1173 καλου-

145 1200 291 1273 μένῳ
354 1201 696 1272 ἀναπαίστῳ,
767 1203 814 1254 εἰ
884 1203 974 1254 καὶ
1043 1204 1114 1270 μὴ
1178 1201 1574 1254 ἀναπαιστικὸν
1636 1202 1717 1270 εἴη
1779 1203 1839 1254 τὸ

147 1282 373 1351 μέτρον;
414 1314 487 1320 -—
518 1281 731 1335 K²IDI

259 1364 345 1431 55,
368 1364 431 1416 ll
472 1365 707 1433 ἄνδρες
738 1367 1055 1434 πρόσχετε
1086 1366 1198 1417 τὸν
1231 1373 1414 1418 νοῦνε
1455 1366 1624 1433 ἡγὰρ
1657 1369 1840 1419 τελευ-

146 1449 270 1499 ταία
324 1466 388 1498 τε
435 1447 547 1499 τὸν
600 1454 763 1499 νοῦν
812 1444 1097 1508 κατακλεὶς
1145 1445 1540 1515 ἀντισπαστική
1588 1447 1761 1516 ἐστιν,
1811 1449 1906 1502 515

148 1527 299 1580 ἐστιν
339 1527 704 1590 ἀντίσπαστος
741 1529 888 1596 παρὰ
928 1530 1211 1596 συλλαβὴν
1248 1529 1350 1595 τὴν
1394 1530 1683 1597 βραχεῖαν,
1724 1530 1841 1597 ἥτις

149 1611 335 1661 λείπει.

0 1693 122 1754 [107]
259 1690 353 1758 55,
379 1691 446 1743 21
498 1692 695 1760 δεῦρο
749 1691 968 1761 δηῦτε]
1018 1693 1169 1744 δοκεῖ
1216 1687 1276 1743 δὲ
1324 1691 1385 1743 τὸ
1429 1693 1729 1761 Σαπφικὸν
1767 1694 1838 1760 μὴ

148 1768 290 1824 εἶναι
327 1771 730 1841 ἀσυνάρτητον·
771 1774 874 1827 δύο
907 1774 1011 1842 γὰρ
1044 1773 1306 1841 τροχαϊκά
1339 1774 1459 1825 εἰσι.
1522 1770 1704 1841 φαμὲν
1736 1769 1840 1826 οὖν

148 1854 231 1906 ὅτι
272 1853 368 1906 ἐὰν
407 1854 516 1920 ἅμα
556 1857 984 1923 συναρτήσωμεν
1022 1856 1088 1906 τὰ
1128 1855 1230 1906 δύο
1268 1855 1555 1923 τροχαϊκά,
1595 1855 1839 1923 εὑρίσκε-
1865 1877 1907 1909 20

147 1955 235 1987 ται
283 1934 343 1987 ἐν
388 1944 452 2004 τῇ
500 1937 652 2004 τρίτῃ
701 1936 851 2005 χώρᾳ
896 1943 961 2005 τῇ
1008 1943 1230 2004 περιττῇ
1281 1937 1571 1998 σπονδεῖος
1617 1935 1678 1988 ἐν
1717 1957 1839 2002 τρο-

149 2025 306 2086 χαικῇ
350 2017 482 2084 ὅπερ
524 2015 676 2069 ἐστὶν
715 2018 943 2069 ἄτοπονε
983 2047 1056 2053 --
1087 2014 1299 2068 K2IM

259 2097 346 2165 55,
371 2098 443 2149 24
482 2099 782 2167 χορίαμβος
820 2098 908 2150 καὶ
952 2100 1144 2165 ἴαμβος
1183 2098 1273 2150 καὶ
1314 2100 1561 2166 συλλαβή
1602 2097 1768 2166 ἐστιν,
1809 2098 1836 2151 ὅ

148 2177 300 2231 ἐστιν
339 2177 727 2247 ἑφθημιμερές,
768 2179 822 2242 ἓξ
864 2179 925 2232 δὲ
963 2187 1190 2232 τοιαῦτα
1227 2182 1605 2247 παρατίθεται.

261 2260 386 2328 56,1
416 2261 517 2313 οὐκ
541 2259 692 2327 ἔτεμε
718 2261 822 2328 γὰρ
848 2261 908 2312 τὸ
933 2260 1098 2329 μέρος
1121 2268 1221 2313 τοῦ
1249 2263 1418 2328 λόγου
1445 2263 1522 2323 εἰς
1547 2263 1647 2330 τὴν
1679 2282 1838 2314 κατα·
1864 2284 1904 2315 25

146 2342 336 2393 κλεῖδα
375 2342 476 2409 τὴν
511 2343 787 2410 ἰαμβικήν,
828 2341 967 2394 ἀλλὰ
1006 2350 1220 2410 συνῆψε
1258 2348 1332 2414 τῷ
1359 2341 1554 2410 ἑφεξῆς
1587 2343 1838 2414 ἱμερτῷ.

270 2514 292 2552 1
327 2507 547 2566 συζυγίαν
581 2509 730 2562 Caes„
772 2509 1000 2566 συλλαβὴν
1033 2510 1132 2552 IM
1180 2513 1194 2566 ΙΙ
1250 2515 1274 2552 3
1315 2509 1471 2566 μακρὰ
1511 2510 1616 2553 add.
1653 2511 1793 2554 Pauw
1825 2515 1838 2566 Η

148 2573 175 2610 4
207 2567 419 2611 τέθεικεν
444 2571 483 2617 Ι,
517 2567 728 2624 πέφυκεν
755 2570 815 2612 Μ
835 2570 848 2623 ΙΙ
873 2574 989 2611 4-5
1022 2569 1344 2613 ἀντισπάστων
1375 2569 1505 2624 παρὰ
1530 2569 1686 2623 PaUW‚
1721 2570 1837 2612 ἀνα·

147 2624 357 2671 παίστων
380 2629 486 2681 περὶ
511 2629 637 2683 IMfl
657 2632 679 2669 7
708 2626 1012 2685 φερεκράτης]
1040 2626 1230 2683 φέρεται
1249 2630 1372 2684 IMfl
1391 2634 1415 2671 9
1442 2628 1694 2684 σύμμικτον
1712 2630 1837 2685 IMfl

152 2690 205 2728 15
238 2701 283 2728 τε
315 2686 415 2744 τὸν]
447 2687 499 2730 τὸ
533 2689 567 2730 Ι
574 2688 632 2729 Μ
651 2689 664 2742 11
693 2690 745 2729 18
778 2686 826 2728 in
860 2689 894 2730 Ι
899 2688 958 2730 M
993 2689 1100 2743 post
1135 2690 1271 2742 δεῦρο
1306 2690 1443 2743 δηῦτε
1477 2687 1620 2731 schol.
1648 2692 1836 2740 23—24‚

147 2746 250 2787 tum
281 2745 368 2789 hoc
403 2750 573 2788 18—22
619 2750 624 2800 ξ
666 2745 717 2789 δὲ
750 2745 819 2802 τὸ]
853 2746 904 2789 τὸ
938 2753 1150 2790 τοιοῦτον
1184 2747 1262 2790 K2
1302 2749 1315 2803 ΙΙ
1354 2751 1406 2789 19
1440 2747 1722 2804 δύο-εἰσι]
1758 2747 1837 2790 διὰ

147 2803 200 2846 τὸ
233 2799 354 2847 εἶναι
394 2805 474 2848 καὶ
505 2804 563 2848 τὰ
595 2805 679 2847 δύο
721 2807 844 2847 κῶλα
876 2805 1100 2862 τροχαικά
1134 2806 1187 2849 K
1196 2806 1212 2830 ²
1257 2808 1271 2862 Η
1319 2810 1370 2849 21
1408 2804 1605 2849 &va—22
1639 2806 1835 2864 ἄτοπον]

149 2859 263 2916 ὅπερ
296 2862 474 2907 ἄτοπον
506 2864 572 2913 εἰς
602 2863 768 2919 μέτρον
800 2862 1049 2920 τροχαικόν
1083 2865 1161 2907 K'
1213 2867 1227 2920 ΙΙ
1282 2870 1338 2908 24
1373 2864 1417 2918 ἓξ
1450 2865 1629 2921 scripsi,
1673 2873 1695 2909 ἓ
1728 2867 1836 2919 IM,

148 2919 303 2965 πάντα
335 2921 407 2965 vel
438 2922 624 2972 πάντως
656 2921 781 2966 Caes.

237 3003 500 3036 annus'no
524 3004 581 3035 ed.
600 3004 887 3037 Consbruch.
1515 3003 1565 3040 11
