2090 3158
679 148 823 188 ΠΕΡΙ
852 147 1237 190 ΠοΙΗΜΑΤΩΝ.
1272 149 1370 190 vn.
1597 181 1599 183 ,
1806 147 1870 198 71

0 269 10 343 ἢ
27 285 156 347 [133]
294 282 379 350 (2)
412 281 542 334 Εἰσὶ
576 278 637 335 δὲ
663 281 723 335 ἑν
746 290 863 345 τοῖς
890 282 1154 350 ποιήμασι
1187 280 1277 334 καὶ
1312 283 1365 334 οἱ
1397 281 1698 350 ἀρρενικῶς
1729 279 1873 335 οὕτω

181 363 513 432 καλούμενοι
561 362 829 435 ε’πςοδοί,
878 363 1012 416 ὅταν
1057 365 1274 435 μεγάλῳ
1323 365 1488 434 στίχῳ
1528 365 1785 431 περιττόν
1823 383 1875 416 τι

183 443 522 514 ἐπιφέρηται,
565 437 688 498 οἷον
728 442 912 516 (Aroh.
938 443 1034 516 94)

255 525 424 592 πάτερ
466 526 755 595 Λυκάμβα,
794 535 959 580 ποῖον
998 526 1221 596 ἐφράσω
1261 526 1460 596 166&-

367 609 449 669 τίς
489 607 587 669 σὰς
624 608 886 675 παρήειρε
927 605 1158 678 φρένας;

179 688 269 741 καὶ
309 686 389 741 ἔτι
430 686 614 759 (Arch.
644 687 774 760 104)

254 765 377 822 εὖτε
415 770 553 838 πρὸς
593 771 768 823 ἄεθλα
809 771 982 839 δῆμος
1019 771 1329 839 ἠθροίζετο,

366 850 428 903 έν
467 851 527 904 δὲ
566 852 962 920 Βατουσιάδης.

276 930 444 985 Ὅταν
484 929 545 985 δὲ
585 935 820 1002 ἔμπαλιν
857 933 889 1001 ἡ
930 932 1078 997 τάξις
1115 927 1167 1005 ᾗ,
1206 934 1459 1005 προῳὸὸς
1497 936 1758 1001 καλεῖται,
1799 933 1872 997 ὡς

178 1015 326 1085 παρὰ
364 1013 710 1085 Ἀνακρέοντι
752 1012 872 1085 (19)
1897 1038 1937 1070 ιο

2 1126 6 1131 -
89 1103 144 1143 '72
363 1094 557 1164 ἀρθεὶς
598 1095 762 1165 δηῦτ’
801 1096 906 1148 ἀπὸ
947 1095 1233 1158 Λευκάδος

248 1176 465 1247 πέτρης,
506 1179 583 1239 εἰς
622 1179 823 1231 πολιὸν
861 1185 1007 1244 κῦμα
1045 1178 1303 1244 κολυμβῶ
1344 1178 1573 1244 μεθύων
1613 1180 1787 1247 ἔρωτι.

273 1256 482 1328 Ὥισπερ
547 1254 607 1311 δὲ
669 1266 839 1312 ταῦτα
894 1258 1228 1329 εὑρίσκεται,
1293 1258 1437 1312 οὕτω
1493 1258 1746 1327 γένοιντο
1801 1260 1870 1314 ἄν

175 1360 319 1403 τινες
357 1341 446 1394 καὶ
486 1341 744 1411 μεσῳδοί,
786 1340 919 1394 ὅταν
957 1339 1178 1410 περιέχῃ
1218 1339 1321 1407 μὲν
1351 1341 1418 1393 τὰ
1452 1343 1630 1408 μείζω,
1668 1342 1868 1407 μεταξὺ

176 1419 235 1474 δὲ
275 1422 336 1475 τὸ
378 1431 536 1491 μεῖον
575 1415 609 1490 ᾖ
649 1420 997 1489 τεταγμένον.
1895 1445 1936 1477 15

7 1590 147 1650 [134]
285 1581 537 1653 (3)''E6n
564 1583 763 1638 δέτινα
780 1583 953 1637 καὶτὰ
971 1584 1282 1653 καλούμενα
1309 1583 1868 1653 ἐπιφθεγματικοὲ,

87 1676 140 1714 73
175 1666 207 1718 ἃ
248 1666 501 1735 διαφέρει
541 1667 710 1736 ταύτῃ
744 1675 856 1718 τῶν
888 1665 1195 1736 ε’φυμνίων,
1229 1667 1312 1720 ὅτι
1344 1667 1410 1719 τὰ
1441 1663 1542 1733 μὲν
1576 1664 1865 1738 [ἐφύμνια]

171 1746 262 1801 καὶ
309 1749 447 1817 πρὸς
486 1756 625 1801 νοῦν
665 1751 916 1801 συντελεῖ
954 1768 1023 1817 τι,
1071 1749 1137 1800 τὰ
1176 1748 1238 1800 δὲ
1278 1746 1766 1817 [ἐπιφθεγματικὰ]
1810 1747 1867 1800 ἐκ

171 1838 432 1899 περιττοῦ
467 1831 539 1892 ὡς
578 1830 716 1895 πρὸς
752 1830 815 1883 τὸ
849 1832 1150 1899 λεγόμενον
1180 1837 1245 1899 τῇ
1279 1836 1491 1899 στροφῇ
1523 1830 1866 1898 πρόσκειται·

171 1903 295 1963 οἷον
333 1910 394 1963 τὸ
436 1912 787 1979 Βακχυλίδου
830 1908 950 1982 (25)
1891 1934 1933 1965 20

245 1988 276 2060 ἦ
317 1993 482 2055 καλὸς
525 1994 837 2062 Θεόκριτος,
878 1992 944 2045 οὐ
984 1994 1155 2059 μόνος
1194 1990 1510 2060 ἀνθρώπων
1550 1991 1698 2062 ὁρᾷς,

292 2156 435 2195 1-15
469 2152 583 2196 Mar.
610 2151 731 2196 vict.
758 2152 822 2196 VI
856 2157 925 2207 57,
952 2157 991 2197 3.
1044 2157 1142 2206 104,
1163 2157 1217 2196 10
1233 2167 1331 2208 sqq.
1391 2153 1491 2196 Ter.
1519 2151 1667 2196 Maur.
1690 2152 1753 2196 VI
1778 2158 1862 2196 379

171 2226 212 2254 v.
242 2215 367 2254 1801.
410 2211 558 2255 Diom.
583 2211 604 2255 I
628 2215 728 2265 485,
750 2217 818 2256 18.
842 2239 897 2244 —
921 2212 984 2255 10.
1013 2211 1099 2256 Sic.
1126 2211 1248 2256 RhG
1266 2211 1329 2254 VI
1348 2216 1446 2266 128,
1467 2216 1519 2255 11
1533 2226 1631 2267 sqq.
1656 2215 1670 2268 ΙΙ
1695 2217 1722 2255 4
1747 2212 1862 2256 Mar.

170 2269 291 2314 vict.
309 2270 373 2314 VI
391 2275 490 2326 170,
510 2276 549 2315 5.
590 2271 705 2315 Mar.
731 2271 848 2315 Plot.
871 2271 933 2314 VI
958 2276 1057 2326 520,
1074 2276 1142 2315 14.
1182 2271 1298 2315 Iuba
1330 2284 1404 2328 ap.
1430 2271 1579 2315 Rufin.
1599 2271 1662 2314 VI
1680 2276 1860 2326 561,11.

170 2328 372 2374 Demetr.
401 2330 458 2374 de
490 2330 603 2374 eloe.
631 2337 656 2374 5
688 2346 733 2386 p.
759 2335 802 2385 4,
821 2336 875 2374 23
901 2332 914 2387 ΙΙ
940 2335 965 2374 8
997 2331 1124 2374 idem
1147 2344 1304 2374 versus
1332 2336 1485 2385 13,13.
1521 2335 1590 2385 22,
1610 2337 1636 2374 4
1660 2333 1674 2387 Η
1699 2336 1723 2374 9
1758 2345 1863 2387 pro-

171 2388 336 2432 odicon
371 2389 487 2433 Mar.
505 2389 626 2434 vict.
645 2390 708 2433 VI
734 2394 804 2445 57,
826 2394 879 2433 15
896 2405 993 2445 sqq.
1031 2395 1130 2445 163,
1152 2395 1202 2434 11

292 2535 312 2572 1
350 2530 418 2587 ἐν]
453 2529 496 2573 οἱ
531 2530 579 2574 ἐν
611 2531 643 2572 Ι
684 2532 697 2586 ΙΙ
743 2535 771 2572 4
803 2529 1012 2588 λυκάββα
1037 2532 1072 2574 Ι
1110 2533 1123 2586 ΙΙ
1170 2536 1195 2573 5
1228 2530 1479 2586 παρέπειρε
1513 2532 1595 2574 A]
1640 2532 1654 2587 ΙΙ
1703 2535 1725 2573 7
1760 2527 1859 2574 εὖτε

170 2588 344 2642 Benffl.,
386 2587 435 2633 εὖ
467 2606 511 2632 τι
536 2591 638 2638 ΑΙ,
672 2586 721 2632 εὖ
754 2604 826 2632 τοι
859 2589 912 2632 H
962 2591 976 2645 ΙΙ
1033 2595 1085 2632 10
1117 2590 1247 2646 παρὰ
1280 2605 1366 2634 om.
1398 2592 1426 2633 1
1478 2592 1491 2646 ΙΙ
1549 2595 1600 2633 12
1635 2589 1701 2639 εἰς
1734 2590 1859 2643 AH,

170 2647 218 2699 ἐς
256 2649 287 2691 1
335 2650 350 2704 ΙΙ
406 2654 459 2691 14
503 2647 560 2691 τὰ
605 2648 789 2704 scripsi,
833 2665 876 2691 τι
916 2649 1071 2704 codd„
1111 2666 1216 2694 τινα
1256 2649 1468 2705 Westph.
1527 2649 1533 2707 Ι
1595 2653 1748 2704 μεῖζον
1788 2650 1819 2692 1
1846 2651 1859 2703 f*

172 2711 224 2749 17
271 2706 475 2762 ἐφύμνια
520 2710 566 2750 et
607 2712 660 2750 18
706 2707 1084 2763 ἐπιφθεγματικά
1127 2707 1234 2753 secl.
1272 2707 1461 2764 Caesar,
1508 2710 1615 2764 post
1655 2708 1860 2763 ἐφύμνια

170 2780 237 2809 VV.
279 2766 329 2811 ἐκ
362 2792 417 2799 --
449 2765 741 2821 πρόσκειται,
787 2769 895 2823 post
934 2767 1311 2824 ἐπιφθεγματικά
1352 2783 1418 2811 VV.
1460 2768 1540 2811 καὶ
1569 2793 1624 2799 -
1658 2769 1863 2811 συντελεῖ

170 2825 623 2882 transpos.West;ph.
650 2828 664 2882 Η
691 2830 743 2868 18
761 2842 820 2880 τι,
843 2825 900 2870 τὰ
918 2824 1101 2880 Caesar,
1125 2827 1232 2871 τινὰ
1249 2828 1345 2882 ΑΙ,
1370 2827 1426 2870 τὰ
1447 2827 1499 2870 Η
1518 2829 1532 2883 Η
1557 2831 1613 2869 20
1639 2827 1718 2870 καὶ
1735 2826 1787 2870 τὸ
1803 2827 1835 2869 Ι
1850 2829 1855 2883 [

170 2885 475 2956 βακχυλλίὸου
501 2899 600 2956 (sic)
636 2901 693 2953 A,
727 2898 1034 2958 βακχυλλίδου
1067 2902 1096 2944 1
1117 2902 1131 2957 ΙΙ
1156 2905 1208 2943 21
1245 2898 1375 2957 ὁρᾶς]
1411 2900 1518 2961 ἐρᾷς
1545 2899 1738 2943 Ursinus
