2060 3168
752 154 806 196 A.
855 154 1001 194 ΠΕΡΙ
1031 153 1248 196 ΠΑΘῼΝ
1740 153 1848 206 349

279 292 318 330 5.
336 286 588 345 λαγαρὸν
609 288 661 332 δε
676 286 728 330 τὸ
748 286 955 332 ἐλλεῖπον
971 284 1123 345 χρόνῳ
1138 285 1259 330 κατὰ
1274 286 1325 330 τὸ
1344 284 1571 342 μέσον,ὡς
1587 286 1637 331 ἐν
1650 290 1712 344 τῷ
1722 287 1767 343 (κ
1777 290 1851 344 60)

339 354 429 411 βῆν
461 353 527 405 εἰς
557 351 734 398 Αἰόλου
765 352 909 398 κλυτὰ
940 353 1145 409 δώματα.

158 420 212 464 τὸ
252 419 340 476 γὰρ
381 428 406 465 ὃ
444 421 500 464 οὐ
541 420 742 465 δύναται
780 419 966 477 μακρὰν
1004 426 1158 464 ποιεῖν
1187 418 1272 475 τὴν
1304 418 1554 477 συλλαβήν,
1598 418 1758 475 ἐπειδὴ
1790 419 1851 476 μὴ

163 486 440 542 ἀπήρτισται
473 487 539 537 εἰς
569 486 706 543 μέρος
736 484 888 543 λόγου.

282 558 320 596 6.
365 553 418 597 τὸ
459 552 510 599 δὲ
544 554 751 598 ἐλλεῖπον
781 551 934 613 χρόνῳ
965 553 1085 597 κατὰ
1114 553 1166 597 τὸ
1197 551 1326 604 τέλος
1356 550 1626 609 μεΐουρον
1657 551 1852 610 λέγεται,
1899 572 1919 605 5

161 620 221 670 ὡς
254 619 304 664 ἐν
336 623 399 680 τῷ
425 622 500 678 (Μ
520 623 624 677 208)

344 691 496 742 Τρῶες
528 684 574 732 δ’
603 685 870 743 ἐρρίγησαν,
903 685 1028 739 ὅπως
1059 686 1163 732 ἴδον
1195 685 1356 731 αἰόλον
1388 685 1514 743 ὄφιν.

296 816 344 868 3.
384 815 470 868 Ps.
494 815 825 884 Hephaestio
867 819 899 882 ξ
936 815 1002 867 17
1045 815 1212 886 (Diss.
1243 815 1465 886 Argenta.
1496 815 1547 867 X
1570 813 1719 886 246).

282 901 450 958 Πάθη
482 909 575 946 τῶν
608 900 774 961 στίχων
807 903 894 947 εἰσὶ
925 900 1076 958 τρία,
1108 901 1365 958 ἀκέφαλος,
1397 901 1725 958 μεσόκλαστος,
1757 900 1853 958 μεί-

162 985 313 1022 ουρος.
1879 990 1922 1021 10

284 1041 320 1078 1.
371 1033 659 1092 Ἀκέφαλοι
698 1035 781 1092 μὲν
814 1033 898 1079 οὖν
932 1036 1070 1091 εἰσιν,
1110 1034 1212 1081 ὅσοι
1244 1036 1337 1080 ἀπὸ
1371 1033 1592 1094 βραχείας
1630 1036 1854 1093 ἄρχονται

163 1103 406 1160 συλλαβῆς,
438 1102 500 1152 ὡς
532 1098 668 1152 οὗτος
699 1104 773 1159 (Ψ
794 1106 836 1158 2)

341 1169 503 1225 ἐπειδὴ
535 1169 653 1225 νῆάς
681 1186 729 1213 τε
760 1171 840 1213 καὶ
865 1167 1205 1224 Ἑλλήσποντον
1237 1168 1394 1215 ἵκοντο

162 1236 243 1278 καὶ
275 1237 327 1291 (φ
350 1237 424 1292 25)

342 1301 504 1358 ἐπειδὴ
534 1303 648 1353 Διὸς
678 1302 784 1347 υἱὸν
817 1302 1031 1359 ἀφίκετο·
1880 1323 1921 1356 15

163 1369 216 1413 τὸ
248 1368 336 1425 γὰρ
369 1369 573 1425 ἡρωικὸν
604 1369 771 1426 μέτρον
803 1371 878 1415 ἀεὶ
910 1371 1004 1414 ἀπὸ
1038 1378 1218 1426 μακρᾶς
1249 1371 1463 1430 βούλεται
1496 1370 1737 1428 ἄρχεσθαι.

284 1441 324 1479 2.
373 1434 768 1480 Μεσόκλαστοι
800 1436 854 1481 δέ
884 1438 1023 1491 εἰσιν,
1066 1435 1166 1481 ’ὅσοι
1200 1437 1320 1482 κατὰ
1354 1438 1406 1482 τὸ
1444 1436 1583 1494 μέσον
1617 1437 1777 1488 πάθος
1810 1454 1855 1481 τι

165 1502 367 1561 ἔχουσιν,
399 1503 460 1555 ὡς
490 1499 626 1553 οὗτος
656 1505 700 1559 (κ
726 1507 800 1561 60)

345 1571 432 1628 βῆν
465 1570 531 1620 εἰς
561 1569 734 1614 Αἰόλου
767 1570 907 1614 κλυτὰ
941 1571 1151 1626 δώματα·

166 1637 378 1681 ἐνταῦθα
410 1636 497 1694 γὰρ
530 1636 554 1680 ὁ
588 1637 803 1692 δεύτερος
832 1637 951 1688 ποὺς
979 1636 1197 1694 τροχαῖός
1228 1638 1364 1683 ἐστιν.
1880 1658 1923 1690 20

286 1708 325 1747 3.
374 1701 657 1757 Μείουροι
697 1702 781 1759 μέν
820 1703 937 1748 εἰσιν
977 1703 1022 1748 οἱ
1052 1703 1137 1759 τὴν
1177 1704 1348 1760 οὐράν,
1387 1703 1595 1750 τουτέστι
1631 1706 1682 1749 τὸ
1713 1704 1854 1758 τέλος,

167 1769 478 1827 μεμειωμένον
510 1767 640 1825 (ὅπερ
674 1770 797 1814 ἐστὶν
829 1773 1053 1827 ἐλλεῖπον)
1087 1770 1282 1830 ἔχοντες,
1316 1772 1377 1823 ὡς
1408 1768 1543 1822 οὗτος
1574 1774 1650 1828 (Μ
1670 1774 1773 1828 208)

350 1841 504 1892 Τρῶες
534 1834 582 1880 δ’
611 1835 875 1894 ἐρρίγησαν,
907 1838 1004 1882 ἐπεὶ
1040 1837 1142 1883 ἴδον
1175 1836 1336 1882 αἰόλον
1370 1837 1504 1894 ὄφιν·

167 1904 192 1948 ὁ
239 1904 327 1962 γὰρ
374 1906 632 1954 τελευταῖος
669 1905 788 1954 ποὺς
825 1903 1070 1962 πυρρίχιός
1109 1906 1242 1949 ἐστιν.
1285 1932 1340 1938 -
1385 1904 1444 1950 Οἱ
1484 1906 1542 1962 δὴ
1583 1907 1727 1962 μηδὲν
1766 1913 1856 1950 τῶν

165 1974 340 2015 παθῶν
370 1971 547 2014 τούτων
582 1971 763 2028 ἔχοντες
793 1969 940 2029 στίχοι
972 1973 1223 2024 ἀπαθεῖς
1254 1975 1517 2016 καλοῦνται.
1881 1991 1923 2024 25

264 2092 314 2143 4.
355 2091 672 2161 Anonymus
710 2091 984 2144 Parisinus
1026 2090 1163 2162 (cod.
1194 2092 1312 2145 Par.
1347 2094 1489 2147 2881
1531 2094 1623 2147 fol.
1659 2094 1767 2166 76).

287 2179 475 2230 Παντὸς
506 2178 558 2222 δὲ
597 2177 764 2235 μέτρου
797 2178 854 2232 ἓξ
885 2179 1021 2235 πώθη
1055 2177 1193 2235 εἰσίν,
1232 2180 1353 2224 κατὰ
1385 2182 1468 2237 μὲν
1500 2181 1857 2237 πλεονασμὸν

167 2242 272 2299 τρία
306 2245 385 2287 καὶ
416 2242 522 2287 κατ’
550 2244 804 2300 ἔλλειψιν
836 2243 954 2300 τρία.
1010 2246 1130 2290 κατὰ
1161 2247 1244 2302 μὲν
1267 2247 1561 2304 πλεονασμόν
1585 2249 1673 2292 εἰσι
1696 2255 1855 2292 ταῦτα.

291 2316 328 2353 1.
361 2309 727 2366 προκέφαλον
758 2312 808 2355 τὸ
841 2314 931 2368 πρὸ
963 2319 1044 2368 τῆς
1074 2321 1155 2357 τοῦ
1189 2312 1346 2372 στίχου
1378 2317 1584 2372 κεφαλῆς
1614 2315 1721 2373 ἔχον
1746 2313 1858 2371 μίαν

170 2377 391 2434 περισσὴν
424 2377 667 2435 συλλαβήν,
699 2379 760 2430 ὡς
790 2378 841 2422 τὸ
875 2381 932 2435 (Α
962 2383 1044 2423 193
1070 2379 1202 2436 alibi)
1882 2399 1926 2430 30

349 2443 433 2496 ἕως
465 2443 488 2488 ὀ
520 2442 666 2488 ταῦθ’
694 2443 896 2501 ὥρμαινε
929 2445 1047 2490 κατὰ
1080 2445 1231 2502 φρένα
1263 2448 1343 2491 καὶ
1374 2446 1494 2491 κατὰ
1523 2447 1682 2504 θυμὸν

170 2512 250 2554 καὶ
280 2510 338 2555 τὰ
371 2509 522 2567 ὅμοια.

290 2619 315 2657 9
349 2615 419 2657 ed.
446 2628 502 2658 ex
535 2615 634 2658 cod.
662 2616 707 2658 P
727 2616 888 2672 (Paris.
916 2618 1063 2672 2008),
1095 2617 1330 2661 interdum
1363 2617 1576 2661 adhibito
1605 2619 1643 2675 Q
1666 2618 1859 2674 (Matrit.

170 2675 246 2729 40)
292 2676 306 2729 ΙΙ
355 2679 421 2718 13.
452 2679 506 2716 14
539 2687 626 2716 om.
659 2675 696 2731 Q
737 2678 751 2730 ΙΙ
796 2681 848 2718 16
883 2675 1096 2733 βούλεται
1132 2677 1182 2734 Q,
1215 2691 1302 2720 om.
1330 2679 1376 2721 P
1413 2679 1428 2733 ΙΙ
1473 2682 1526 2720 19
1558 2691 1642 2733 pro
1675 2679 1764 2735 βῆν
1797 2678 1862 2729 εἰς

171 2731 235 2775 Αἰ
265 2732 353 2776 lac.
387 2733 436 2775 in
469 2733 514 2775 P
541 2735 555 2788 Η
588 2737 643 2776 24
676 2733 795 2792 ἐπεὶ]
830 2733 955 2785 ὅπως
989 2735 1027 2792 Q
1052 2735 1299 2788 Homerus;
1333 2737 1432 2781 ἐπεὶ
1464 2736 1635 2780 schol.B
1664 2737 1769 2791 alii;
1802 2737 1859 2780 cf.

172 2790 264 2833 AV
291 2795 373 2834 189
406 2793 511 2835 adn.
540 2797 592 2834 17
647 2795 662 2849 Η
715 2799 770 2836 25
805 2795 850 2836 Ρ
877 2794 984 2837 add.
1017 2796 1124 2850 περ),
1162 2794 1245 2851 μὲν
1278 2793 1363 2840 οὖν
1393 2803 1546 2853 τομῶν
1577 2797 1657 2839 καὶ
1687 2799 1862 2840 παθῶν

173 2850 253 2893 καὶ
295 2850 537 2907 σχημάτων
581 2860 672 2894 τῶν
713 2852 761 2896 ἐν
799 2860 898 2902 τοῖς
936 2851 1107 2911 στίχοις
1147 2853 1384 2909 ἀρκείσθω
1427 2862 1596 2909 ταῦτα,
1641 2869 1762 2911 quae
1802 2856 1862 2898 ad

174 2913 228 2962 ἐξ
254 2914 425 2953 15-17
460 2911 530 2953 ed.
563 2910 794 2954 Jacobsm.
828 2914 1159 2968 spectantum
1195 2912 1386 2970 ὅρμαινε
1421 2916 1466 2958 P
