<?xml version="1.0" encoding="UTF-8"?>
<!DOCTYPE html PUBLIC "-//W3C//DTD XHTML 1.0 Transitional//EN"
    "http://www.w3.org/TR/xhtml1/DTD/xhtml1-transitional.dtd">
<html xmlns="http://www.w3.org/1999/xhtml" xml:lang="en" lang="en">
 <head>
  <title>
</title>
<meta http-equiv="Content-Type" content="text/html;charset=utf-8" />
  <meta name='ocr-system' content='tesseract 3.04.00' />
  <meta name='ocr-capabilities' content='ocr_page ocr_carea ocr_par ocr_line ocrx_word'/>
</head>
<body>
  <div class='ocr_page' id='page_1' title='image "./hephaestionisenc00hephuoft_0008.png"; bbox 0 0 2090 3158; ppageno 0'>
   <div class='ocr_carea' id='block_1_1' title="bbox 207 162 1216 208">
    <p class='ocr_par' dir='ltr' id='par_1_1' title="bbox 207 162 1216 208">
     <span class='ocr_line' id='line_1_1' title="bbox 207 162 1216 208; baseline -0.005 0"><span class='ocrx_word' id='word_1_1' title='bbox 207 164 270 208; x_wconf 92' lang='lat' dir='ltr'>VI</span> <span class='ocrx_word' id='word_1_2' title='bbox 883 162 1216 204; x_wconf 83' lang='lat' dir='ltr'>PRAEFATIO</span> 
     </span>
    </p>
   </div>
   <div class='ocr_carea' id='block_1_2' title="bbox 204 292 1890 807">
    <p class='ocr_par' dir='ltr' id='par_1_2' title="bbox 204 292 1890 807">
     <span class='ocr_line' id='line_1_2' title="bbox 207 292 1890 366; baseline -0.003 -15"><span class='ocrx_word' id='word_1_3' title='bbox 207 304 686 351; x_wconf 88' lang='lat' dir='ltr'>Hoerschelmannus</span> <span class='ocrx_word' id='word_1_4' title='bbox 740 300 989 349; x_wconf 86' lang='lat' dir='ltr'>nonnullis</span> <span class='ocrx_word' id='word_1_5' title='bbox 1044 292 1615 366; x_wconf 74' lang='lat' dir='ltr'>commentatiunculis1)</span> <span class='ocrx_word' id='word_1_6' title='bbox 1670 299 1783 347; x_wconf 90' lang='lat' dir='ltr'>crisi</span> <span class='ocrx_word' id='word_1_7' title='bbox 1836 300 1890 347; x_wconf 89' lang='lat' dir='ltr'>in</span> 
     </span>
     <span class='ocr_line' id='line_1_3' title="bbox 207 372 1887 438; baseline -0.002 -14"><span class='ocrx_word' id='word_1_8' title='bbox 207 377 405 425; x_wconf 82' lang='lat' dir='ltr'>scholiis</span> <span class='ocrx_word' id='word_1_9' title='bbox 452 376 766 438; x_wconf 88' lang='lat' dir='ltr'>potissimum</span> <span class='ocrx_word' id='word_1_10' title='bbox 803 374 1213 436; x_wconf 87' lang='lat' dir='ltr'>Hephaestioneis</span> <span class='ocrx_word' id='word_1_11' title='bbox 1256 372 1559 421; x_wconf 75' lang='lat' dir='ltr'>factitandae</span> <span class='ocrx_word' id='word_1_12' title='bbox 1598 373 1887 421; x_wconf 85' lang='lat' dir='ltr'>fundamen-</span> 
     </span>
     <span class='ocr_line' id='line_1_4' title="bbox 206 447 1889 508; baseline -0.003 -9"><span class='ocrx_word' id='word_1_13' title='bbox 206 453 315 498; x_wconf 89' lang='lat' dir='ltr'>tum</span> <span class='ocrx_word' id='word_1_14' title='bbox 355 450 642 498; x_wconf 81' lang='lat' dir='ltr'>substruxit.</span> <span class='ocrx_word' id='word_1_15' title='bbox 705 449 828 496; x_wconf 86' lang='lat' dir='ltr'>Rem</span> <span class='ocrx_word' id='word_1_16' title='bbox 859 447 1139 495; x_wconf 87' lang='lat' dir='ltr'>felicissime</span> <span class='ocrx_word' id='word_1_17' title='bbox 1175 447 1423 508; x_wconf 76' lang='lat' dir='ltr'>inceptam</span> <span class='ocrx_word' id='word_1_18' title='bbox 1454 447 1590 493; x_wconf 89' lang='lat' dir='ltr'>ultra</span> <span class='ocrx_word' id='word_1_19' title='bbox 1621 447 1889 508; x_wconf 82' lang='lat' dir='ltr'>provehere</span> 
     </span>
     <span class='ocr_line' id='line_1_5' title="bbox 208 519 1888 583; baseline -0.002 -12"><span class='ocrx_word' id='word_1_20' title='bbox 208 524 275 571; x_wconf 92' lang='lat' dir='ltr'>eis</span> <span class='ocrx_word' id='word_1_21' title='bbox 314 540 413 571; x_wconf 91' lang='lat' dir='ltr'>non</span> <span class='ocrx_word' id='word_1_22' title='bbox 453 526 559 570; x_wconf 89' lang='lat' dir='ltr'>erat</span> <span class='ocrx_word' id='word_1_23' title='bbox 597 524 759 570; x_wconf 88' lang='lat' dir='ltr'>fatum</span> <span class='ocrx_word' id='word_1_24' title='bbox 798 537 956 583; x_wconf 91' lang='lat' dir='ltr'>neque</span> <span class='ocrx_word' id='word_1_25' title='bbox 995 523 1209 582; x_wconf 89' lang='lat' dir='ltr'>utroque</span> <span class='ocrx_word' id='word_1_26' title='bbox 1247 522 1568 582; x_wconf 87' lang='lat' dir='ltr'>praematura</span> <span class='ocrx_word' id='word_1_27' title='bbox 1606 523 1764 568; x_wconf 91' lang='lat' dir='ltr'>morte</span> <span class='ocrx_word' id='word_1_28' title='bbox 1806 519 1888 567; x_wconf 92' lang='lat' dir='ltr'>ab-</span> 
     </span>
     <span class='ocr_line' id='line_1_6' title="bbox 204 593 1890 660; baseline -0.002 -16"><span class='ocrx_word' id='word_1_29' title='bbox 204 600 345 660; x_wconf 87' lang='lat' dir='ltr'>repto</span> <span class='ocrx_word' id='word_1_30' title='bbox 393 599 590 659; x_wconf 87' lang='lat' dir='ltr'>praeter</span> <span class='ocrx_word' id='word_1_31' title='bbox 634 596 853 658; x_wconf 90' lang='lat' dir='ltr'>ipsorum</span> <span class='ocrx_word' id='word_1_32' title='bbox 901 594 1124 643; x_wconf 89' lang='lat' dir='ltr'>codicum</span> <span class='ocrx_word' id='word_1_33' title='bbox 1170 594 1406 642; x_wconf 88' lang='lat' dir='ltr'>lectiones</span> <span class='ocrx_word' id='word_1_34' title='bbox 1451 593 1722 655; x_wconf 87' lang='lat' dir='ltr'>descriptas</span> <span class='ocrx_word' id='word_1_35' title='bbox 1768 610 1890 655; x_wconf 86' lang='lat' dir='ltr'>pau-</span> 
     </span>
     <span class='ocr_line' id='line_1_7' title="bbox 207 667 1889 732; baseline -0.002 -13"><span class='ocrx_word' id='word_1_36' title='bbox 207 671 523 732; x_wconf 89' lang='lat' dir='ltr'>cissimasque</span> <span class='ocrx_word' id='word_1_37' title='bbox 584 670 664 717; x_wconf 91' lang='lat' dir='ltr'>hic</span> <span class='ocrx_word' id='word_1_38' title='bbox 711 669 828 726; x_wconf 49' lang='lat' dir='ltr'>‚illio</span> <span class='ocrx_word' id='word_1_39' title='bbox 890 669 1047 716; x_wconf 88' lang='lat' dir='ltr'>obiter</span> <span class='ocrx_word' id='word_1_40' title='bbox 1108 668 1366 729; x_wconf 89' lang='lat' dir='ltr'>adspersas</span> <span class='ocrx_word' id='word_1_41' title='bbox 1430 667 1775 716; x_wconf 84' lang='lat' dir='ltr'>annotationes</span> <span class='ocrx_word' id='word_1_42' title='bbox 1835 667 1889 715; x_wconf 91' lang='lat' dir='ltr'>in</span> 
     </span>
     <span class='ocr_line' id='line_1_8' title="bbox 206 735 1376 807; baseline -0.003 -15"><span class='ocrx_word' id='word_1_43' title='bbox 206 745 395 793; x_wconf 91' lang='lat' dir='ltr'>scriniis</span> <span class='ocrx_word' id='word_1_44' title='bbox 436 760 604 791; x_wconf 91' lang='lat' dir='ltr'>eorum</span> <span class='ocrx_word' id='word_1_45' title='bbox 644 743 917 805; x_wconf 84' lang='lat' dir='ltr'>quidquam</span> <span class='ocrx_word' id='word_1_46' title='bbox 954 744 1203 804; x_wconf 89' lang='lat' dir='ltr'>repertum</span> <span class='ocrx_word' id='word_1_47' title='bbox 1243 735 1376 807; x_wconf 78' lang='lat' dir='ltr'>est.2)</span> 
     </span>
    </p>
   </div>
   <div class='ocr_carea' id='block_1_3' title="bbox 515 1014 1578 1088">
    <p class='ocr_par' dir='ltr' id='par_1_3' title="bbox 515 1014 1578 1088">
     <span class='ocr_line' id='line_1_9' title="bbox 515 1014 1578 1088; baseline -0.002 -17"><span class='ocrx_word' id='word_1_48' title='bbox 515 1027 544 1071; x_wconf 94' lang='lat' dir='ltr'>I</span> <span class='ocrx_word' id='word_1_49' title='bbox 593 1027 674 1070; x_wconf 90' lang='lat' dir='ltr'>De</span> <span class='ocrx_word' id='word_1_50' title='bbox 714 1026 1006 1071; x_wconf 79' lang='lat' dir='ltr'>codicibus</span> <span class='ocrx_word' id='word_1_51' title='bbox 1044 1014 1578 1088; x_wconf 76' lang='lat' dir='ltr'>Hephaestioneis,³)</span> 
     </span>
    </p>
   </div>
   <div class='ocr_carea' id='block_1_4' title="bbox 139 1124 1892 2220">
    <p class='ocr_par' dir='ltr' id='par_1_4' title="bbox 139 1124 1892 2220">
     <span class='ocr_line' id='line_1_10' title="bbox 316 1124 1579 1186; baseline 0 -13"><span class='ocrx_word' id='word_1_52' title='bbox 316 1126 507 1174; x_wconf 85' lang='lat' dir='ltr'>Genera</span> <span class='ocrx_word' id='word_1_53' title='bbox 544 1125 783 1173; x_wconf 89' lang='lat' dir='ltr'>librorum</span> <span class='ocrx_word' id='word_1_54' title='bbox 821 1124 1273 1186; x_wconf 75' lang='lat' dir='ltr'>manuscriptorum</span> <span class='ocrx_word' id='word_1_55' title='bbox 1311 1127 1409 1172; x_wconf 84' lang='lat' dir='ltr'>tria</span> <span class='ocrx_word' id='word_1_56' title='bbox 1449 1127 1579 1173; x_wconf 88' lang='lat' dir='ltr'>sunt.</span> 
     </span>
     <span class='ocr_line' id='line_1_11' title="bbox 142 1198 1557 1262; baseline -0.001 -14"><span class='ocrx_word' id='word_1_57' title='bbox 142 1202 190 1248; x_wconf 83' lang='lat' dir='ltr'>X</span> <span class='ocrx_word' id='word_1_58' title='bbox 317 1201 341 1246; x_wconf 87' lang='grc' dir='ltr'>Ι</span> <span class='ocrx_word' id='word_1_59' title='bbox 392 1199 582 1262; x_wconf 84' lang='lat' dir='ltr'>Optimi</span> <span class='ocrx_word' id='word_1_60' title='bbox 621 1198 811 1262; x_wconf 74' lang='lat' dir='ltr'>generis</span> <span class='ocrx_word' id='word_1_61' title='bbox 850 1200 994 1262; x_wconf 86' lang='lat' dir='ltr'>longe</span> <span class='ocrx_word' id='word_1_62' title='bbox 1035 1200 1253 1260; x_wconf 89' lang='lat' dir='ltr'>optimus</span> <span class='ocrx_word' id='word_1_63' title='bbox 1293 1198 1444 1246; x_wconf 80' lang='lat' dir='ltr'>codex</span> <span class='ocrx_word' id='word_1_64' title='bbox 1482 1201 1557 1247; x_wconf 91' lang='lat' dir='ltr'>est</span> 
     </span>
     <span class='ocr_line' id='line_1_12' title="bbox 139 1272 1891 1335; baseline -0.001 -14"><span class='ocrx_word' id='word_1_65' title='bbox 139 1274 186 1321; x_wconf 90' lang='lat' dir='ltr'><strong><em>A</em></strong></span> <span class='ocrx_word' id='word_1_66' title='bbox 319 1278 362 1321; x_wconf 92' lang='lat'>1.</span> <span class='ocrx_word' id='word_1_67' title='bbox 411 1274 512 1321; x_wconf 93' lang='lat' dir='ltr'>cod.</span> <span class='ocrx_word' id='word_1_68' title='bbox 555 1272 983 1322; x_wconf 84' lang='lat' dir='ltr'>Ambrosianus</span> <span class='ocrx_word' id='word_1_69' title='bbox 1031 1272 1056 1319; x_wconf 88' lang='grc' dir='ltr'>Ι</span> <span class='ocrx_word' id='word_1_70' title='bbox 1091 1273 1119 1320; x_wconf 87' lang='grc'>8</span> <span class='ocrx_word' id='word_1_71' title='bbox 1170 1272 1270 1320; x_wconf 88' lang='lat' dir='ltr'>ord.</span> <span class='ocrx_word' id='word_1_72' title='bbox 1311 1287 1440 1335; x_wconf 90' lang='lat' dir='ltr'>sup.,</span> <span class='ocrx_word' id='word_1_73' title='bbox 1489 1289 1545 1320; x_wconf 85' lang='lat' dir='ltr'>ex</span> <span class='ocrx_word' id='word_1_74' title='bbox 1590 1273 1891 1321; x_wconf 86' lang='lat' dir='ltr'>bibliotheca</span> 
     </span>
     <span class='ocr_line' id='line_1_13' title="bbox 202 1346 1890 1409; baseline -0.001 -13"><span class='ocrx_word' id='word_1_75' title='bbox 202 1349 241 1396; x_wconf 92' lang='lat' dir='ltr'>I.</span> <span class='ocrx_word' id='word_1_76' title='bbox 275 1348 332 1394; x_wconf 96' lang='lat' dir='ltr'>V.</span> <span class='ocrx_word' id='word_1_77' title='bbox 372 1347 569 1395; x_wconf 88' lang='lat' dir='ltr'>Pinellii</span> <span class='ocrx_word' id='word_1_78' title='bbox 612 1347 664 1393; x_wconf 91' lang='lat' dir='ltr'>in</span> <span class='ocrx_word' id='word_1_79' title='bbox 703 1347 1083 1394; x_wconf 89' lang='lat' dir='ltr'>Ambrosianam</span> <span class='ocrx_word' id='word_1_80' title='bbox 1130 1347 1368 1407; x_wconf 86' lang='lat' dir='ltr'>adscitus,</span> <span class='ocrx_word' id='word_1_81' title='bbox 1416 1346 1739 1409; x_wconf 83' lang='lat' dir='ltr'>bombycinus</span> <span class='ocrx_word' id='word_1_82' title='bbox 1787 1362 1890 1395; x_wconf 91' lang='lat' dir='ltr'>sae-</span> 
     </span>
     <span class='ocr_line' id='line_1_14' title="bbox 205 1420 1890 1482; baseline -0.001 -13"><span class='ocrx_word' id='word_1_83' title='bbox 205 1423 315 1469; x_wconf 93' lang='lat' dir='ltr'>culo</span> <span class='ocrx_word' id='word_1_84' title='bbox 362 1421 485 1468; x_wconf 88' lang='lat' dir='ltr'>XIII</span> <span class='ocrx_word' id='word_1_85' title='bbox 538 1423 747 1468; x_wconf 87' lang='lat' dir='ltr'>exeunte</span> <span class='ocrx_word' id='word_1_86' title='bbox 798 1421 877 1468; x_wconf 82' lang='lat' dir='ltr'>vel</span> <span class='ocrx_word' id='word_1_87' title='bbox 930 1420 1131 1467; x_wconf 91' lang='lat' dir='ltr'>ineunte</span> <span class='ocrx_word' id='word_1_88' title='bbox 1177 1420 1296 1467; x_wconf 90' lang='lat' dir='ltr'>XIV</span> <span class='ocrx_word' id='word_1_89' title='bbox 1343 1420 1568 1482; x_wconf 87' lang='lat' dir='ltr'>scriptus.</span> <span class='ocrx_word' id='word_1_90' title='bbox 1645 1420 1890 1468; x_wconf 89' lang='lat' dir='ltr'>Accurate</span> 
     </span>
     <span class='ocr_line' id='line_1_15' title="bbox 205 1494 1890 1556; baseline -0.001 -13"><span class='ocrx_word' id='word_1_91' title='bbox 205 1496 419 1543; x_wconf 81' lang='lat' dir='ltr'>codicem.</span> <span class='ocrx_word' id='word_1_92' title='bbox 450 1495 708 1556; x_wconf 86' lang='lat' dir='ltr'>descripsit</span> <span class='ocrx_word' id='word_1_93' title='bbox 741 1494 1105 1543; x_wconf 81' lang='lat' dir='ltr'>Studemundus</span> <span class='ocrx_word' id='word_1_94' title='bbox 1144 1495 1197 1541; x_wconf 90' lang='lat' dir='ltr'>in</span> <span class='ocrx_word' id='word_1_95' title='bbox 1228 1494 1329 1541; x_wconf 87' lang='lat' dir='ltr'>AV</span> <span class='ocrx_word' id='word_1_96' title='bbox 1351 1494 1379 1542; x_wconf 91' lang='lat' dir='ltr'>I</span> <span class='ocrx_word' id='word_1_97' title='bbox 1409 1511 1455 1556; x_wconf 88' lang='lat' dir='ltr'>p.</span> <span class='ocrx_word' id='word_1_98' title='bbox 1484 1495 1587 1542; x_wconf 90' lang='grc'>106</span> <span class='ocrx_word' id='word_1_99' title='bbox 1609 1510 1730 1556; x_wconf 86' lang='lat' dir='ltr'>sqq.‚</span> <span class='ocrx_word' id='word_1_100' title='bbox 1761 1494 1890 1542; x_wconf 90' lang='lat' dir='ltr'>unde</span> 
     </span>
     <span class='ocr_line' id='line_1_16' title="bbox 205 1566 1892 1633; baseline -0.001 -17"><span class='ocrx_word' id='word_1_101' title='bbox 205 1585 330 1631; x_wconf 90' lang='lat' dir='ltr'>quae</span> <span class='ocrx_word' id='word_1_102' title='bbox 386 1568 676 1633; x_wconf 84' lang='lat' dir='ltr'>gravissima</span> <span class='ocrx_word' id='word_1_103' title='bbox 731 1571 849 1615; x_wconf 88' lang='lat' dir='ltr'>sunt</span> <span class='ocrx_word' id='word_1_104' title='bbox 903 1569 1119 1616; x_wconf 85' lang='lat' dir='ltr'>afferam.</span> <span class='ocrx_word' id='word_1_105' title='bbox 1209 1566 1564 1629; x_wconf 83' lang='lat' dir='ltr'>Complectitur</span> <span class='ocrx_word' id='word_1_106' title='bbox 1614 1569 1715 1616; x_wconf 87' lang='lat'>151</span> <span class='ocrx_word' id='word_1_107' title='bbox 1770 1568 1892 1616; x_wconf 86' lang='lat' dir='ltr'>folia</span> 
     </span>
     <span class='ocr_line' id='line_1_17' title="bbox 205 1641 1706 1704; baseline 0 -14"><span class='ocrx_word' id='word_1_108' title='bbox 205 1645 392 1690; x_wconf 90' lang='lat' dir='ltr'>formae</span> <span class='ocrx_word' id='word_1_109' title='bbox 433 1643 702 1704; x_wconf 88' lang='lat' dir='ltr'>quadratae</span> <span class='ocrx_word' id='word_1_110' title='bbox 742 1642 976 1689; x_wconf 87' lang='lat' dir='ltr'>minimae</span> <span class='ocrx_word' id='word_1_111' title='bbox 1015 1643 1226 1704; x_wconf 89' lang='lat' dir='ltr'>pessime</span> <span class='ocrx_word' id='word_1_112' title='bbox 1265 1641 1452 1689; x_wconf 84' lang='lat' dir='ltr'>habita.</span> <span class='ocrx_word' id='word_1_113' title='bbox 1529 1642 1706 1690; x_wconf 89' lang='lat' dir='ltr'>Insunt</span> 
     </span>
     <span class='ocr_line' id='line_1_18' title="bbox 319 1715 1889 1778; baseline -0.001 -15"><span class='ocrx_word' id='word_1_114' title='bbox 319 1720 363 1764; x_wconf 87' lang='lat'>1.</span> <span class='ocrx_word' id='word_1_115' title='bbox 397 1717 480 1764; x_wconf 88' lang='lat' dir='ltr'>fol.</span> <span class='ocrx_word' id='word_1_116' title='bbox 511 1718 783 1777; x_wconf 63' lang='lat' dir='ltr'>761—91V‚</span> <span class='ocrx_word' id='word_1_117' title='bbox 824 1716 1001 1778; x_wconf 89' lang='lat' dir='ltr'>quibus</span> <span class='ocrx_word' id='word_1_118' title='bbox 1034 1716 1167 1764; x_wconf 85' lang='lat' dir='ltr'>foliis</span> <span class='ocrx_word' id='word_1_119' title='bbox 1205 1716 1324 1764; x_wconf 92' lang='lat' dir='ltr'>olim</span> <span class='ocrx_word' id='word_1_120' title='bbox 1356 1715 1477 1764; x_wconf 89' lang='lat' dir='ltr'>duos</span> <span class='ocrx_word' id='word_1_121' title='bbox 1515 1717 1738 1778; x_wconf 86' lang='lat' dir='ltr'>integros</span> <span class='ocrx_word' id='word_1_122' title='bbox 1771 1731 1889 1776; x_wconf 86' lang='lat' dir='ltr'>qua-</span> 
     </span>
     <span class='ocr_line' id='line_1_19' title="bbox 205 1789 1890 1852; baseline -0.001 -15"><span class='ocrx_word' id='word_1_123' title='bbox 205 1791 453 1838; x_wconf 87' lang='lat' dir='ltr'>terniones</span> <span class='ocrx_word' id='word_1_124' title='bbox 487 1790 681 1837; x_wconf 86' lang='lat' dir='ltr'>effectos</span> <span class='ocrx_word' id='word_1_125' title='bbox 715 1805 816 1838; x_wconf 89' lang='lat' dir='ltr'>esse</span> <span class='ocrx_word' id='word_1_126' title='bbox 848 1789 1104 1851; x_wconf 90' lang='lat' dir='ltr'>probabile</span> <span class='ocrx_word' id='word_1_127' title='bbox 1138 1791 1226 1850; x_wconf 85' lang='lat' dir='ltr'>est,</span> <span class='ocrx_word' id='word_1_128' title='bbox 1259 1789 1444 1837; x_wconf 84' lang='lat' dir='ltr'>scholia</span> <span class='ocrx_word' id='word_1_129' title='bbox 1476 1789 1890 1852; x_wconf 87' lang='lat' dir='ltr'>Hephaestionea,</span> 
     </span>
     <span class='ocr_line' id='line_1_20' title="bbox 207 1863 1891 1925; baseline 0 -15"><span class='ocrx_word' id='word_1_130' title='bbox 207 1880 331 1925; x_wconf 91' lang='lat' dir='ltr'>quae</span> <span class='ocrx_word' id='word_1_131' title='bbox 386 1863 695 1924; x_wconf 88' lang='lat' dir='ltr'>Westphalio</span> <span class='ocrx_word' id='word_1_132' title='bbox 758 1866 958 1912; x_wconf 87' lang='lat' dir='ltr'>auctore</span> <span class='ocrx_word' id='word_1_133' title='bbox 1023 1864 1276 1925; x_wconf 89' lang='lat' dir='ltr'>appellare</span> <span class='ocrx_word' id='word_1_134' title='bbox 1330 1863 1671 1911; x_wconf 86' lang='lat' dir='ltr'>consuevimus</span> <span class='ocrx_word' id='word_1_135' title='bbox 1735 1863 1891 1910; x_wconf 86' lang='lat' dir='ltr'>altera</span> 
     </span>
     <span class='ocr_line' id='line_1_21' title="bbox 207 1930 1890 2003; baseline 0 -19"><span class='ocrx_word' id='word_1_136' title='bbox 207 1931 370 2001; x_wconf 90' lang='lat' dir='ltr'>(nobis</span> <span class='ocrx_word' id='word_1_137' title='bbox 418 1930 622 2003; x_wconf 78' lang='lat' dir='ltr'>schol.1³)</span> <span class='ocrx_word' id='word_1_138' title='bbox 671 1938 750 1984; x_wconf 86' lang='lat' dir='ltr'>vel</span> <span class='ocrx_word' id='word_1_139' title='bbox 803 1939 968 1998; x_wconf 89' lang='lat' dir='ltr'>potius</span> <span class='ocrx_word' id='word_1_140' title='bbox 1015 1954 1184 1986; x_wconf 93' lang='lat' dir='ltr'>eorum</span> <span class='ocrx_word' id='word_1_141' title='bbox 1228 1952 1345 1999; x_wconf 91' lang='lat' dir='ltr'>pars</span> <span class='ocrx_word' id='word_1_142' title='bbox 1390 1937 1526 1998; x_wconf 88' lang='lat' dir='ltr'>prior</span> <span class='ocrx_word' id='word_1_143' title='bbox 1575 1930 1743 2002; x_wconf 89' lang='lat' dir='ltr'>(huius</span> <span class='ocrx_word' id='word_1_144' title='bbox 1791 1936 1890 1984; x_wconf 88' lang='lat' dir='ltr'>edi-</span> 
     </span>
     <span class='ocr_line' id='line_1_22' title="bbox 205 2007 1892 2076; baseline 0.001 -19"><span class='ocrx_word' id='word_1_145' title='bbox 205 2012 354 2058; x_wconf 88' lang='lat' dir='ltr'>tionis</span> <span class='ocrx_word' id='word_1_146' title='bbox 394 2028 438 2072; x_wconf 90' lang='lat' dir='ltr'>p.</span> <span class='ocrx_word' id='word_1_147' title='bbox 467 2012 765 2071; x_wconf 79' lang='lat'>81,1-—89,</span> <span class='ocrx_word' id='word_1_148' title='bbox 787 2014 850 2058; x_wconf 81' lang='lat'>22</span> <span class='ocrx_word' id='word_1_149' title='bbox 893 2010 946 2060; x_wconf 82' lang='grc' dir='ltr'>ἐκ</span> <span class='ocrx_word' id='word_1_150' title='bbox 983 2018 1081 2059; x_wconf 85' lang='grc' dir='ltr'>τῶν</span> <span class='ocrx_word' id='word_1_151' title='bbox 1113 2010 1367 2076; x_wconf 77' lang='grc' dir='ltr'><em>Λογγίνου</em></span> <span class='ocrx_word' id='word_1_152' title='bbox 1405 2017 1491 2058; x_wconf 84' lang='grc' dir='ltr'>τοῦ</span> <span class='ocrx_word' id='word_1_153' title='bbox 1524 2009 1803 2073; x_wconf 82' lang='grc' dir='ltr'><em>φιλοσόφου</em></span> <span class='ocrx_word' id='word_1_154' title='bbox 1834 2007 1892 2057; x_wconf 81' lang='grc' dir='ltr'>τὰ</span> 
     </span>
     <span class='ocr_line' id='line_1_23' title="bbox 205 2078 1892 2151; baseline -0.001 -20"><span class='ocrx_word' id='word_1_155' title='bbox 205 2083 534 2148; x_wconf 74' lang='grc' dir='ltr'><em>προλεγόμενα</em></span> <span class='ocrx_word' id='word_1_156' title='bbox 573 2087 667 2132; x_wconf 80' lang='grc' dir='ltr'><strong><em>κτλ.</em></strong></span> <span class='ocrx_word' id='word_1_157' title='bbox 710 2087 759 2132; x_wconf 91' lang='lat' dir='ltr'>et</span> <span class='ocrx_word' id='word_1_158' title='bbox 807 2087 929 2146; x_wconf 83' lang='lat'>257,</span> <span class='ocrx_word' id='word_1_159' title='bbox 957 2086 1198 2146; x_wconf 82' lang='lat'>5—272,</span> <span class='ocrx_word' id='word_1_160' title='bbox 1229 2078 1335 2151; x_wconf 82' lang='lat'>14).</span> <span class='ocrx_word' id='word_1_161' title='bbox 1412 2084 1602 2132; x_wconf 89' lang='lat' dir='ltr'>Ultima</span> <span class='ocrx_word' id='word_1_162' title='bbox 1642 2084 1792 2133; x_wconf 85' lang='lat' dir='ltr'>verba</span> <span class='ocrx_word' id='word_1_163' title='bbox 1839 2084 1892 2130; x_wconf 91' lang='lat' dir='ltr'>in</span> 
     </span>
     <span class='ocr_line' id='line_1_24' title="bbox 207 2155 1892 2220; baseline 0.001 -16"><span class='ocrx_word' id='word_1_164' title='bbox 207 2161 422 2205; x_wconf 85' lang='lat' dir='ltr'>extrema</span> <span class='ocrx_word' id='word_1_165' title='bbox 463 2159 619 2205; x_wconf 87' lang='lat' dir='ltr'>altera</span> <span class='ocrx_word' id='word_1_166' title='bbox 658 2159 843 2220; x_wconf 85' lang='lat' dir='ltr'>pagina</span> <span class='ocrx_word' id='word_1_167' title='bbox 882 2159 990 2206; x_wconf 89' lang='lat' dir='ltr'>folii</span> <span class='ocrx_word' id='word_1_168' title='bbox 1033 2161 1097 2207; x_wconf 87' lang='lat'>91</span> <span class='ocrx_word' id='word_1_169' title='bbox 1141 2161 1257 2206; x_wconf 88' lang='lat' dir='ltr'>sunt</span> <span class='ocrx_word' id='word_1_170' title='bbox 1295 2176 1344 2220; x_wconf 87' lang='lat' dir='ltr'>p.</span> <span class='ocrx_word' id='word_1_171' title='bbox 1371 2159 1589 2220; x_wconf 84' lang='lat'>272,14</span> <span class='ocrx_word' id='word_1_172' title='bbox 1630 2155 1892 2215; x_wconf 80' lang='grc' dir='ltr'><strong><em>ἀποθέσεις</em></strong></span> 
     </span>
    </p>
   </div>
   <div class='ocr_carea' id='block_1_5' title="bbox 207 2251 558 2255">
    <p class='ocr_par' dir='ltr' id='par_1_5' title="bbox 207 2251 558 2255">
     <span class='ocr_line' id='line_1_25' title="bbox 207 2251 558 2255; baseline 0 0"><span class='ocrx_word' id='word_1_173' title='bbox 207 2251 558 2255; x_wconf 95' lang='lat' dir='ltr'> </span> 
     </span>
    </p>
   </div>
   <div class='ocr_carea' id='block_1_6' title="bbox 207 2298 1892 2942">
    <p class='ocr_par' dir='ltr' id='par_1_6' title="bbox 207 2298 1892 2532">
     <span class='ocr_line' id='line_1_26' title="bbox 327 2298 1892 2355; baseline 0.001 -16"><span class='ocrx_word' id='word_1_174' title='bbox 327 2301 368 2354; x_wconf 90' lang='grc'>1)</span> <span class='ocrx_word' id='word_1_175' title='bbox 402 2298 517 2340; x_wconf 84' lang='lat' dir='ltr'>Mus.</span> <span class='ocrx_word' id='word_1_176' title='bbox 544 2298 629 2340; x_wconf 84' lang='lat' dir='ltr'>Rh.</span> <span class='ocrx_word' id='word_1_177' title='bbox 658 2303 713 2340; x_wconf 87' lang='grc'>36</span> <span class='ocrx_word' id='word_1_178' title='bbox 742 2301 799 2355; x_wconf 92' lang='lat' dir='ltr'>(a.</span> <span class='ocrx_word' id='word_1_179' title='bbox 822 2301 952 2355; x_wconf 90' lang='grc'>1881)</span> <span class='ocrx_word' id='word_1_180' title='bbox 984 2314 1029 2355; x_wconf 88' lang='lat' dir='ltr'>p.</span> <span class='ocrx_word' id='word_1_181' title='bbox 1056 2303 1312 2353; x_wconf 78' lang='lat'>260—3013</span> <span class='ocrx_word' id='word_1_182' title='bbox 1347 2299 1534 2343; x_wconf 88' lang='lat' dir='ltr'>Scholia</span> <span class='ocrx_word' id='word_1_183' title='bbox 1558 2299 1708 2355; x_wconf 88' lang='lat' dir='ltr'>Heph.</span> <span class='ocrx_word' id='word_1_184' title='bbox 1743 2299 1892 2342; x_wconf 87' lang='lat' dir='ltr'>altera</span> 
     </span>
     <span class='ocr_line' id='line_1_27' title="bbox 207 2357 1888 2414; baseline 0.001 -16"><span class='ocrx_word' id='word_1_185' title='bbox 207 2357 389 2414; x_wconf 86' lang='lat' dir='ltr'>integra</span> <span class='ocrx_word' id='word_1_186' title='bbox 414 2358 483 2400; x_wconf 89' lang='lat' dir='ltr'>ed.</span> <span class='ocrx_word' id='word_1_187' title='bbox 504 2357 699 2413; x_wconf 88' lang='lat' dir='ltr'>Dorpati</span> <span class='ocrx_word' id='word_1_188' title='bbox 727 2363 862 2412; x_wconf 81' lang='lat'>18823</span> <span class='ocrx_word' id='word_1_189' title='bbox 886 2358 975 2400; x_wconf 85' lang='lat' dir='ltr'>Ein</span> <span class='ocrx_word' id='word_1_190' title='bbox 1000 2358 1173 2414; x_wconf 86' lang='lat' dir='ltr'>griech.</span> <span class='ocrx_word' id='word_1_191' title='bbox 1199 2358 1443 2402; x_wconf 87' lang='lat' dir='ltr'>Lehrbuch</span> <span class='ocrx_word' id='word_1_192' title='bbox 1469 2359 1510 2401; x_wconf 88' lang='lat' dir='ltr'>d.</span> <span class='ocrx_word' id='word_1_193' title='bbox 1530 2357 1715 2402; x_wconf 89' lang='lat' dir='ltr'>Metrik.</span> <span class='ocrx_word' id='word_1_194' title='bbox 1750 2357 1888 2414; x_wconf 89' lang='lat' dir='ltr'>Dorp.</span> 
     </span>
     <span class='ocr_line' id='line_1_28' title="bbox 210 2415 1892 2473; baseline 0.002 -16"><span class='ocrx_word' id='word_1_195' title='bbox 210 2420 345 2469; x_wconf 80' lang='lat'>18883</span> <span class='ocrx_word' id='word_1_196' title='bbox 388 2415 554 2459; x_wconf 88' lang='lat' dir='ltr'>Philol.</span> <span class='ocrx_word' id='word_1_197' title='bbox 582 2420 635 2458; x_wconf 84' lang='lat'>47</span> <span class='ocrx_word' id='word_1_198' title='bbox 670 2416 742 2471; x_wconf 88' lang='lat' dir='ltr'>(N.</span> <span class='ocrx_word' id='word_1_199' title='bbox 770 2417 817 2459; x_wconf 87' lang='lat' dir='ltr'>F.</span> <span class='ocrx_word' id='word_1_200' title='bbox 847 2422 868 2459; x_wconf 93' lang='lat'>1</span> <span class='ocrx_word' id='word_1_201' title='bbox 905 2430 945 2460; x_wconf 87' lang='lat' dir='ltr'>a.</span> <span class='ocrx_word' id='word_1_202' title='bbox 974 2420 1125 2473; x_wconf 84' lang='grc'>1887);</span> <span class='ocrx_word' id='word_1_203' title='bbox 1167 2418 1410 2461; x_wconf 87' lang='lat' dir='ltr'>Anecdota</span> <span class='ocrx_word' id='word_1_204' title='bbox 1441 2417 1570 2460; x_wconf 87' lang='lat' dir='ltr'>varia</span> <span class='ocrx_word' id='word_1_205' title='bbox 1601 2418 1622 2460; x_wconf 93' lang='lat' dir='ltr'>I</span> <span class='ocrx_word' id='word_1_206' title='bbox 1659 2416 1892 2460; x_wconf 83' lang='lat' dir='ltr'>recensuit</span> 
     </span>
     <span class='ocr_line' id='line_1_29' title="bbox 207 2474 1771 2532; baseline 0.001 -16"><span class='ocrx_word' id='word_1_207' title='bbox 207 2474 446 2528; x_wconf 86' lang='lat' dir='ltr'>multaque</span> <span class='ocrx_word' id='word_1_208' title='bbox 480 2475 665 2517; x_wconf 91' lang='lat' dir='ltr'>addidit</span> <span class='ocrx_word' id='word_1_209' title='bbox 695 2475 743 2518; x_wconf 89' lang='lat' dir='ltr'>in</span> <span class='ocrx_word' id='word_1_210' title='bbox 778 2475 1010 2532; x_wconf 85' lang='lat' dir='ltr'>Goetting.</span> <span class='ocrx_word' id='word_1_211' title='bbox 1046 2476 1134 2532; x_wconf 87' lang='lat' dir='ltr'>gel.</span> <span class='ocrx_word' id='word_1_212' title='bbox 1166 2476 1275 2518; x_wconf 89' lang='lat' dir='ltr'>Anz.</span> <span class='ocrx_word' id='word_1_213' title='bbox 1306 2480 1417 2519; x_wconf 80' lang='lat'>1887</span> <span class='ocrx_word' id='word_1_214' title='bbox 1451 2492 1495 2532; x_wconf 89' lang='lat' dir='ltr'>p.</span> <span class='ocrx_word' id='word_1_215' title='bbox 1525 2480 1771 2519; x_wconf 83' lang='lat'>594—613.</span> 
     </span>
    </p>

    <p class='ocr_par' dir='ltr' id='par_1_7' title="bbox 208 2533 1890 2648">
     <span class='ocr_line' id='line_1_30' title="bbox 327 2533 1890 2588; baseline 0.001 -13"><span class='ocrx_word' id='word_1_216' title='bbox 327 2537 369 2588; x_wconf 83' lang='lat'>2)</span> <span class='ocrx_word' id='word_1_217' title='bbox 401 2533 534 2588; x_wconf 86' lang='lat' dir='ltr'>Ipsae</span> <span class='ocrx_word' id='word_1_218' title='bbox 568 2534 765 2577; x_wconf 81' lang='lat' dir='ltr'>schedae</span> <span class='ocrx_word' id='word_1_219' title='bbox 793 2534 1101 2578; x_wconf 85' lang='lat' dir='ltr'>Studemundi</span> <span class='ocrx_word' id='word_1_220' title='bbox 1126 2537 1173 2578; x_wconf 86' lang='lat' dir='ltr'>et</span> <span class='ocrx_word' id='word_1_221' title='bbox 1195 2535 1611 2579; x_wconf 90' lang='lat' dir='ltr'>Hoerschelmanni</span> <span class='ocrx_word' id='word_1_222' title='bbox 1643 2535 1692 2577; x_wconf 93' lang='lat' dir='ltr'>in</span> <span class='ocrx_word' id='word_1_223' title='bbox 1722 2534 1890 2578; x_wconf 89' lang='lat' dir='ltr'>biblio-</span> 
     </span>
     <span class='ocr_line' id='line_1_31' title="bbox 208 2592 1616 2648; baseline 0.001 -14"><span class='ocrx_word' id='word_1_224' title='bbox 208 2592 344 2635; x_wconf 82' lang='lat' dir='ltr'>theca</span> <span class='ocrx_word' id='word_1_225' title='bbox 376 2592 505 2648; x_wconf 88' lang='lat' dir='ltr'>regia</span> <span class='ocrx_word' id='word_1_226' title='bbox 537 2593 854 2636; x_wconf 86' lang='lat' dir='ltr'>universitatis</span> <span class='ocrx_word' id='word_1_227' title='bbox 887 2593 1268 2638; x_wconf 88' lang='lat' dir='ltr'>Vratislaviensis</span> <span class='ocrx_word' id='word_1_228' title='bbox 1301 2595 1616 2638; x_wconf 84' lang='lat' dir='ltr'>adservantur.</span> 
     </span>
    </p>

    <p class='ocr_par' dir='ltr' id='par_1_8' title="bbox 208 2650 1892 2942">
     <span class='ocr_line' id='line_1_32' title="bbox 328 2650 1890 2709; baseline 0.001 -16"><span class='ocrx_word' id='word_1_229' title='bbox 328 2652 370 2706; x_wconf 89' lang='lat'>3)</span> <span class='ocrx_word' id='word_1_230' title='bbox 412 2652 467 2692; x_wconf 83' lang='lat' dir='ltr'>cf.</span> <span class='ocrx_word' id='word_1_231' title='bbox 502 2650 719 2694; x_wconf 88' lang='lat' dir='ltr'>Hoersch.</span> <span class='ocrx_word' id='word_1_232' title='bbox 754 2652 802 2694; x_wconf 91' lang='lat' dir='ltr'>in</span> <span class='ocrx_word' id='word_1_233' title='bbox 835 2652 963 2694; x_wconf 88' lang='lat' dir='ltr'>MRh</span> <span class='ocrx_word' id='word_1_234' title='bbox 989 2658 1043 2695; x_wconf 89' lang='grc'>36</span> <span class='ocrx_word' id='word_1_235' title='bbox 1083 2668 1128 2708; x_wconf 88' lang='lat' dir='ltr'>p.</span> <span class='ocrx_word' id='word_1_236' title='bbox 1156 2658 1242 2696; x_wconf 82' lang='lat'>260</span> <span class='ocrx_word' id='word_1_237' title='bbox 1261 2668 1359 2709; x_wconf 89' lang='lat' dir='ltr'>sqq.</span> <span class='ocrx_word' id='word_1_238' title='bbox 1416 2652 1553 2696; x_wconf 79' lang='lat' dir='ltr'>GGA</span> <span class='ocrx_word' id='word_1_239' title='bbox 1588 2656 1700 2695; x_wconf 78' lang='lat'>1887</span> <span class='ocrx_word' id='word_1_240' title='bbox 1732 2667 1777 2707; x_wconf 88' lang='lat' dir='ltr'>p.</span> <span class='ocrx_word' id='word_1_241' title='bbox 1805 2656 1890 2695; x_wconf 82' lang='lat'>595</span> 
     </span>
     <span class='ocr_line' id='line_1_33' title="bbox 209 2709 1892 2768; baseline 0.002 -17"><span class='ocrx_word' id='word_1_242' title='bbox 209 2713 366 2751; x_wconf 83' lang='lat'>—602.</span> <span class='ocrx_word' id='word_1_243' title='bbox 417 2709 621 2752; x_wconf 82' lang='lat' dir='ltr'>Studem.</span> <span class='ocrx_word' id='word_1_244' title='bbox 656 2710 702 2752; x_wconf 88' lang='lat' dir='ltr'>in</span> <span class='ocrx_word' id='word_1_245' title='bbox 735 2710 826 2753; x_wconf 91' lang='lat' dir='ltr'>AV</span> <span class='ocrx_word' id='word_1_246' title='bbox 857 2710 876 2752; x_wconf 93' lang='grc' dir='ltr'><strong>Ι</strong></span> <span class='ocrx_word' id='word_1_247' title='bbox 906 2725 951 2766; x_wconf 87' lang='lat' dir='ltr'>p.</span> <span class='ocrx_word' id='word_1_248' title='bbox 983 2715 1234 2755; x_wconf 86' lang='grc'>106-119.</span> <span class='ocrx_word' id='word_1_249' title='bbox 1296 2713 1400 2768; x_wconf 87' lang='lat' dir='ltr'>Ipse</span> <span class='ocrx_word' id='word_1_250' title='bbox 1434 2711 1695 2755; x_wconf 85' lang='lat' dir='ltr'>accuratius</span> <span class='ocrx_word' id='word_1_251' title='bbox 1721 2711 1778 2754; x_wconf 90' lang='lat' dir='ltr'>de</span> <span class='ocrx_word' id='word_1_252' title='bbox 1802 2710 1892 2754; x_wconf 89' lang='lat' dir='ltr'>hac</span> 
     </span>
     <span class='ocr_line' id='line_1_34' title="bbox 208 2767 1888 2828; baseline 0.001 -19"><span class='ocrx_word' id='word_1_253' title='bbox 208 2781 256 2810; x_wconf 86' lang='lat' dir='ltr'>re</span> <span class='ocrx_word' id='word_1_254' title='bbox 290 2767 363 2823; x_wconf 86' lang='lat' dir='ltr'>egi</span> <span class='ocrx_word' id='word_1_255' title='bbox 397 2767 445 2809; x_wconf 88' lang='lat' dir='ltr'>in</span> <span class='ocrx_word' id='word_1_256' title='bbox 470 2768 612 2811; x_wconf 86' lang='lat' dir='ltr'>Bresl.</span> <span class='ocrx_word' id='word_1_257' title='bbox 639 2769 751 2823; x_wconf 89' lang='lat' dir='ltr'>phil.</span> <span class='ocrx_word' id='word_1_258' title='bbox 780 2769 898 2812; x_wconf 91' lang='lat' dir='ltr'>Abh.</span> <span class='ocrx_word' id='word_1_259' title='bbox 926 2769 1112 2828; x_wconf 58' lang='lat' dir='ltr'><strong>(BA)„V</strong></span> <span class='ocrx_word' id='word_1_260' title='bbox 1138 2774 1162 2812; x_wconf 88' lang='lat'><strong>3</strong></span> <span class='ocrx_word' id='word_1_261' title='bbox 1194 2786 1239 2826; x_wconf 87' lang='lat' dir='ltr'>p.</span> <span class='ocrx_word' id='word_1_262' title='bbox 1269 2776 1412 2814; x_wconf 86' lang='lat'>1—14</span> <span class='ocrx_word' id='word_1_263' title='bbox 1445 2773 1492 2814; x_wconf 91' lang='lat' dir='ltr'>et</span> <span class='ocrx_word' id='word_1_264' title='bbox 1530 2770 1579 2812; x_wconf 93' lang='lat' dir='ltr'>in</span> <span class='ocrx_word' id='word_1_265' title='bbox 1610 2783 1888 2826; x_wconf 85' lang='lat' dir='ltr'>programm.</span> 
     </span>
     <span class='ocr_line' id='line_1_35' title="bbox 210 2826 1891 2887; baseline 0.001 -19"><span class='ocrx_word' id='word_1_266' title='bbox 210 2826 441 2882; x_wconf 82' lang='lat' dir='ltr'>gymnasii</span> <span class='ocrx_word' id='word_1_267' title='bbox 463 2826 679 2870; x_wconf 89' lang='lat' dir='ltr'>Halensis</span> <span class='ocrx_word' id='word_1_268' title='bbox 706 2841 744 2870; x_wconf 91' lang='lat' dir='ltr'>a.</span> <span class='ocrx_word' id='word_1_269' title='bbox 772 2833 882 2871; x_wconf 89' lang='lat'>1901</span> <span class='ocrx_word' id='word_1_270' title='bbox 911 2828 1017 2884; x_wconf 90' lang='lat' dir='ltr'>(Zur</span> <span class='ocrx_word' id='word_1_271' title='bbox 1042 2829 1400 2887; x_wconf 87' lang='lat' dir='ltr'>Uberlieferung</span> <span class='ocrx_word' id='word_1_272' title='bbox 1430 2843 1519 2872; x_wconf 90' lang='lat' dir='ltr'>von</span> <span class='ocrx_word' id='word_1_273' title='bbox 1550 2828 1891 2885; x_wconf 71' lang='lat' dir='ltr'>Hephaestione</span> 
     </span>
     <span class='ocr_line' id='line_1_36' title="bbox 211 2883 859 2942; baseline 0.003 -14"><span class='ocrx_word' id='word_1_274' title='bbox 211 2883 483 2941; x_wconf 81' lang='grc' dir='ltr'><em>ἐγχειρίδιον</em></span> <span class='ocrx_word' id='word_1_275' title='bbox 517 2887 621 2940; x_wconf 82' lang='grc' dir='ltr'><em>περὶ</em></span> <span class='ocrx_word' id='word_1_276' title='bbox 654 2885 859 2942; x_wconf 77' lang='grc' dir='ltr'>μέτρων),</span> 
     </span>
    </p>
   </div>
  </div>
 </body>
</html>
