2060 3168
201 147 308 198 296
792 147 1023 188 ΣΧΟΛῙΑ
1053 148 1090 187 Β
1124 145 1221 201 (lib.
1239 144 1298 202 V)

201 284 496 351 πυρρίχιον
534 281 632 333 τὸν
671 281 932 350 δεύτερον
979 289 1216 347 παιῶνα,
1265 278 1352 332 ἐπὶ
1394 277 1454 332 δὲ
1493 281 1591 333 τὸν
1629 291 1889 350 τροχαῖον

201 365 298 416 τὸν
337 362 732 429 ἀντίσπαστον,
773 360 859 430 ἐφ’
900 361 1099 413 ἑαυτὸν
1139 361 1200 413 δὲ
1239 362 1336 413 τὸν
1377 363 1658 430 διίαμβον,
1699 361 1785 415 ἐπὶ
1827 363 1889 415 δὲ

202 445 299 495 τὸν
346 444 641 495 σπονδεῖον
687 444 785 495 τὸν
831 451 1051 510 πρῶτον
1098 440 1389 511 ἐπίτριτον.
1468 443 1496 496 ὁ
1538 442 1598 495 δὲ
1637 453 1890 514 τροχαῖος

203 523 290 576 ἐπὶ
329 521 430 592 μὲν
468 524 566 576 τὸν
606 525 899 593 πυρρίχιον
938 525 1038 575 τὸν
1075 533 1296 592 πρῶτον
1334 534 1549 577 παιῶνα
1586 533 1754 591 ποιεῖ,
1802 524 1889 577 ἐπὶ

159 627 177 659 5
205 602 264 657 δὲ
303 606 400 657 τὸν
451 606 649 673 ἴαμβον
687 605 786 657 τὸν
831 606 1160 673 χορίαμβον,
1208 603 1295 673 ἐφ’
1335 604 1533 658 ἑαυτὸν
1572 603 1632 658 δὲ
1670 607 1768 659 τὸν
1809 608 1889 658 δι-

203 688 485 756 τρόχαιον,
534 684 622 738 ἐπὶ
671 682 731 738 δὲ
777 687 875 738 τὸν
915 687 1212 738 σπονδεῖον
1251 687 1346 738 τὸν
1387 687 1649 756 δεύτερον
1687 686 1889 756 ἐπίτρι-

203 788 314 819 τον.
379 767 406 819 ὁ
448 763 508 819 δὲ
550 767 840 829 σπονδεῖος
880 765 980 819 ἐπὶ.
1007 765 1108 834 μὲν
1146 768 1246 819 τὸν
1284 771 1579 837 πυρρίχιον
1613 769 1710 821 τὸν
1744 769 1889 821 ἰωνι-

203 850 303 901 κὸν
365 848 468 900 ἀπὸ
531 850 804 916 μείζονος,
867 846 954 900 ἐπὶ
1018 845 1078 900 δὲ
1136 850 1234 902 τὸν
1268 852 1496 918 -ἰάμβον
1553 850 1651 901 τὸν
1703 852 1891 918 τρίτον

204 929 498 996 ἐπίτριτον,
540 927 627 981 ἐπὶ
661 926 721 981 δὲ
753 930 850 982 τὸν
881 938 1142 998 τροχαῖον
1174 932 1272 984 τὸν
1304 930 1564 999 τέταρτον
1595 930 1890 1001 ἐπίτριτον,

139 1033 180 1064 10
207 1010 290 1079 ἐφ’
333 1009 531 1062 ἑαυτὸν
570 1009 631 1062 δὲ
676 1011 775 1062 τὸν
817 1012 1184 1064 δισπόνδειον.
1249 1009 1364 1063 Ὅτι
1405 1011 1466 1063 δὲ
1504 1010 1728 1072 ἕκαστος
1767 1012 1891 1064 τού-

203 1112 314 1144 των
354 1092 624 1153 σύνθετός
664 1090 814 1144 ἐστιν
854 1092 910 1144 ἐκ
959 1093 1061 1144 δύο
1102 1093 1292 1144 ποδῶν
1332 1092 1682 1160 δισυλλάβων
1721 1093 1892 1160 δῆλον

206 1175 263 1227 ἐκ
311 1182 410 1226 τοῦ
460 1173 722 1241 λέγεσθαι
769 1172 1000 1225 ἕκαστον
1047 1173 1232 1226 αὐτῶν
1278 1174 1366 1225 καὶ
1416 1174 1675 1226 διποδίαν
1722 1173 1755 1241 ἢ
1801 1173 1892 1226 καὶ.

204 1258 485 1324 συζυγίαν.
525 1287 598 1292 -
639 1258 959 1307 Ποσοῦνται
998 1256 1194 1306 τοίνυν
1233 1249 1405 1321 οὗτοι,
1446 1255 1498 1307 οἱ
1536 1274 1593 1307 τε
1634 1255 1893 1307 δισύλλα-

203 1340 294 1406 βοι
336 1337 608 1404 τέσσαρες,
650 1338 702 1388 οἱ
741 1337 1100 1404 τρισύλλαβοι
1140 1335 1279 1387 ὀκτὼ
1320 1334 1410 1387 καὶ
1448 1337 1500 1387 οἱ
1532 1336 1892 1405 τετρασύλλα-

138 1421 293 1487 ’15βοι
343 1416 419 1477 ις’
467 1419 543 1480 εἰς
590 1415 695 1485 κη’.
772 1415 862 1469 καὶ
907 1416 1064 1486 μέχρι
1111 1417 1212 1485 μὲν
1255 1412 1360 1469 οὖν
1398 1418 1610 1469 τούτων
1650 1417 1707 1469 οἱ
1742 1416 1891 1482 ἀκρι-

203 1498 452 1568 βέστεροι
491 1508 602 1551 τῶν
641 1508 912 1568 μετρικῶν
953 1499 1131 1550 ἱστᾶσι
1171 1500 1302 1560 τοὺς
1341 1499 1535 1560 πόδας·
1575 1499 1665 1550 καὶ
1706 1503 1892 1550 εἵπου

205 1581 264 1632 δὲ
305 1581 506 1649 εὑρεθῇ
548 1581 995 1648 πεντασύλλαβος
1033 1581 1187 1648 πούς,
1229 1579 1499 1649 λυομένης
1539 1578 1674 1647 φασὶ
1707 1588 1800 1648 τῆς
1830 1577 1893 1632 ἔν

204 1682 314 1714 τινι
354 1662 772 1732 τετρασυλλάβῳ
813 1659 942 1713 ποδὶ
982 1669 1107 1727 μιᾶς
1146 1669 1355 1730 μακρᾶς
1387 1663 1463 1723 εἰς
1497 1662 1598 1713 δύο
1639 1663 1895 1731 βραχείας
1926 1665 2046 1722 (129)

205 1744 462 1810 γίνεσθαι
500 1749 714 1795 τοῦτον.

140 1845 181 1876 20
302 1821 482 1876 Ἄλλοι
539 1822 604 1875 δέ
654 1837 791 1891 φασι
843 1825 972 1884 τοὺς
1018 1825 1494 1893 τετρασυλλάβους
1543 1824 1892 1893 προσλαμβά-

206 1925 406 1965 νοντας
455 1903 714 1973 ἑκατέραν
753 1913 865 1957 τῶν
903 1905 1080 1972 <δύο>
1119 1908 1413 1973 συλλαβῶν
1451 1906 1892 1957 πεντασυλλά-

207 1989 361 2054 βους
410 1985 722 2053 ἀπογεννᾶν
762 1983 854 2053 λβ’
893 1987 1027 2038 κατὰ
1075 1988 1174 2054 τὴν
1213 1986 1517 2054 ἀναλογίαν
1555 1997 1666 2039 τῶν
1706 1987 1894 2038 δισυλ-

207 2067 391 2134 λάβων
460 2065 550 2118 καὶ
620 2067 1016 2135 τρισυλλάβων.
1126 2067 1306 2136 ὥσπερ
1373 2068 1505 2135 γάρ,
1578 2070 1778 2136 φασίν,
1841 2068 1893 2119 οἱ

208 2149 532 2214 δισύλλαβοι
588 2146 842 2216 τέσσαρες
898 2150 1051 2210 ὄντες
1100 2149 1195 2209 τὰς
1250 2148 1351 2200 δύο
1400 2149 1673 2216 συλλαβὰς
1726 2162 1894 2216 προσ-

143 2251 183 2282 25
208 2229 578 2297 λαμβάνοντες
623 2231 753 2290 τοὺς
800 2228 938 2281 ὀκτὼ
979 2229 1383 2298 τρισυλλάβους
1423 2229 1709 2296 ἐποίησαν,
1750 2228 1893 2282 οὕτω

207 2309 297 2362 καὶ
338 2311 389 2362 οὶ
431 2308 507 2370 ις’
545 2310 974 2378 τετρασύλλαβοι
1013 2311 1107 2372 τὰς
1146 2311 1401 2372 τοιαύτας
1433 2308 1693 2379 ἑκατέραν
1728 2324 1895 2379 προσ-

209 2391 578 2457 λαμβάνοντες
630 2392 760 2453 τοὺς
807 2388 899 2457 λβ’
945 2392 1426 2459 πεντασυλλάβους
1478 2399 1756 2444 ποιοῦσιν·
1813 2385 1894 2453 οἷς

211 2471 450 2538 ὀνόματα
489 2469 589 2540 μὲν
629 2472 729 2524 οὐκ
768 2469 965 2524 ἔθεντο
1009 2474 1158 2534 ἰδίως
1198 2471 1462 2540 ἑκάστοις,
1503 2471 1618 2525 ἀλλ’
1660 2472 1764 2524 ἀπὸ
1797 2480 1892 2539 τῆς

330 2606 382 2645 13
417 2602 474 2645 cf.
508 2604 643 2645 tract.
669 2602 759 2645 AV
784 2606 838 2644 99
872 2602 1010 2658 (infra
1044 2605 1236 2658 exarat.)

329 2718 354 2754 8
380 2712 459 2755 τὸν
475 2715 627 2768 (post.)
654 2727 788 2767 om.p
806 2714 819 2768 ΙΙ
839 2717 1008 2755 10-11
1028 2713 1204 2756 τούτων
1222 2727 1309 2756 om.
1323 2728 1358 2768 p
1374 2715 1387 2769 Η
1407 2717 1459 2755 13
1477 2729 1525 2756 τε
1543 2713 1631 2755 del.
1646 2712 1865 2755 Hoersch.
1879 2714 1892 2768 ΙΙ

215 2775 383 2813 16-17
403 2771 572 2822 πόδας·
594 2771 741 2815 εἵπου
759 2771 809 2814 δὲ
829 2770 1042 2827 εὑρεθείη
1060 2772 1139 2814 καὶ
1158 2771 1305 2816 πέντ.“.>
1322 2772 1541 2815 Hoersch.
1557 2773 1570 2827 ΙΙ
1587 2776 1638 2813 18
1656 2773 1891 2826 τετρασυλ-

211 2829 380 2886 λάβους
396 2829 628 2882 ποδίαςΥ,
648 2830 910 2873 corr.Turn.
925 2832 938 2885 ΙΙ
952 2835 1004 2873 21
1026 2831 1110 2873 δύο
1130 2831 1235 2874 add.
1251 2831 1391 2874 Pauw
1407 2833 1420 2887 ΙΙ
1438 2835 1492 2873 26
1512 2830 1728 2885 ἑκατέρας
1738 2830 1891 2884 Turn„

210 2895 301 2931 τῶν
328 2889 479 2931 αὐτῶν
505 2889 725 2944 ἑκατέραν
744 2888 961 2945 Egenolff
980 2890 992 2945 ΙΙ
1018 2894 1070 2932 27
1090 2890 1197 2940 τοὺς
1222 2903 1309 2933 om.
1326 2891 1354 2932 k
1370 2892 1383 2946 Η
1402 2894 1455 2933 28
1481 2889 1654 2948 ἑκάστῳ
1671 2889 1890 2932 Hoerseh.
