2060 3168
223 172 333 224 264
808 173 1039 214 ZXOAIA
1069 173 1106 212 B
1139 169 1236 227 (lib.
1262 169 1322 226 Π)

221 309 437 360 κτύλων
470 305 529 375 ι’,
568 308 657 360 καὶ
698 308 799 360 δύο
841 307 1102 359 δάκτυλοι
1141 307 1274 372 μετὰ
1305 317 1474 376 τριῶν
1506 308 1816 361 σπονδείων
1850 306 1908 360 ι’.

222 389 253 457 ἡ
296 385 356 441 δὲ
395 388 636 457 μέθοδος
676 389 870 451 οὕτως·
915 386 1106 455 ἑκάστη
1147 397 1259 440 τῶν
1297 385 1346 439 ε’
1385 397 1578 456 χωρῶν
1618 390 1719 442 δύο
1761 389 1908 458 δέχε-

221 490 308 523 ται
359 471 558 538 πόδας,
610 470 882 522 δάκτυλόν
928 489 984 522 τε
1035 470 1126 521 καὶ
1178 469 1491 522 σπονδεῖον.
1574 471 1907 539 καταγράφει)

221 553 415 604 τοίνυν
454 552 709 613 πεντάκις
747 552 848 618 τὴν
885 551 1083 603 δυάδα·
1123 548 1195 617 β’.
1228 548 1300 617 β’.
1332 548 1404 618 β’.
1436 548 1508 617 β’.
1541 552 1612 618 β’.
1675 551 1780 605 ἀπὸ
1812 561 1909 620 τῆς

177 652 196 684 5
224 632 482 701 δευτέρας
530 632 616 685 ἐπὶ
662 634 763 700 τὴν
809 634 1032 700 πρώτην
1077 632 1528 695 πολυπλασιάσας
1568 631 1654 695 δὶς
1693 634 1795 686 δύο
1837 631 1908 686 δ’.

223 714 327 767 άπὸ
369 723 462 782 τῆς
501 717 686 782 τρίτης
726 713 813 766 ἐπὶ
853 715 953 782 τὴν
994 713 1258 781 δευτέραν
1299 714 1384 776 δὶς
1424 712 1480 766 δ’
1519 711 1591 782 η’.
1669 714 1774 768 ἀπὸ
1814 724 1910 784 τῆς

220 796 475 864 τετάρτης
522 795 608 848 ἐπὶ
656 797 756 864 τὴν
795 798 984 863 τρίτην
1024 796 1108 858 δὶς
1152 795 1290 848 ὀκτὼ
1333 794 1422 856 ις’.
1500 795 1604 849 ἀπὸ
1645 803 1741 864 τῆς
1778 795 1908 865 πέμ-

221 896 356 945 πτης
396 875 482 929 ἐπὶ
523 879 624 944 τὴν
664 877 927 945 τετάρτην
967 876 1053 939 δὶς
1096 875 1171 937 ις’
1211 878 1314 944 λβ’.

323 956 610 1025 Ἕλθωμεν
649 957 739 1011 καὶ
782 959 867 1012 ἐπὶ
908 968 1019 1011 τῶν
1061 961 1342 1027 ἰαμβικῶν.
1419 960 1452 1027 ἡ
1493 957 1550 1012 α’
1582 960 1731 1028 χώρα
1763 959 1909 1028 δέχε-

155 1061 196 1092 10
221 1060 307 1091 ται
360 1041 532 1102 πόδας
586 1039 650 1108 ε’,
712 1042 912 1107 ἴαμβον
965 1049 1185 1109 χορεῖον
1240 1040 1580 1094 ἀνάπαιστον
1634 1041 1910 1094 δάκτυλον

221 1122 540 1174 σπονδεῖον·
591 1122 623 1190 ἡ
665 1122 894 1191 δευτέρα
934 1120 1007 1189 γ’,
1050 1125 1249 1189 ἴαμβον
1288 1130 1508 1191 χορεῖον
1547 1121 1909 1175 ἀνάπαιστον·

220 1202 250 1270 ἡ
292 1205 444 1271 τρίτη
486 1202 553 1256 ε’·
594 1204 626 1272 ἡ
666 1204 893 1272 τετάρτη
935 1202 1012 1272 γ’·
1054 1203 1085 1272 ἡ
1125 1203 1338 1272 πέμπτη
1379 1201 1441 1256 ε’.
1503 1211 1568 1273 τῇ
1608 1203 1770 1273 ὁμοίᾳ
1804 1199 1910 1256 οὖν

220 1293 430 1352 χρῶμαι
481 1286 725 1356 μεθόδῳ·
781 1284 885 1338 άπὸ
935 1294 1030 1354 τῆς
1076 1284 1134 1352 β’
1182 1283 1269 1338 ἐπὶ
1316 1286 1417 1353 τὴν
1469 1286 1694 1353 πρώτην
1739 1289 1908 1338 πολυ-

218 1366 530 1430 πλασιάζων
569 1367 686 1435 τρὶς
727 1365 774 1419 ε’
816 1365 907 1419 ιε’·
949 1366 1052 1419 άπὸ
1093 1375 1186 1434 τῆς
1223 1365 1279 1434 γ’
1312 1365 1400 1420 ἐπὶ
1432 1369 1532 1435 τὴν
1564 1364 1621 1435 β’
1653 1367 1909 1429 πεντάκις

154 1467 194 1499 15
222 1445 290 1499 ιε’
332 1445 434 1500 οε’·
475 1447 579 1501 ἀπὸ
619 1456 715 1516 τῆς
755 1447 809 1500 δ’
851 1447 936 1502 ἐπὶ
976 1450 1076 1516 τὴν
1115 1447 1170 1517 γ’
1211 1447 1329 1518 τρὶς
1369 1446 1450 1501 οε’
1490 1445 1630 1501 σκε’·
1671 1447 1774 1500 ἀπὸ
1815 1455 1910 1516 τῆς

220 1526 267 1580 ε’
307 1527 394 1581 ἐπὶ
434 1530 533 1597 τὴν
574 1529 629 1582 δ’
668 1531 924 1593 πεντάκις
964 1528 1020 1582 σ’
1058 1551 1123 1601 loc,
1163 1531 1418 1592 πεντάκις
1455 1528 1509 1582 κ’
1545 1528 1615 1598 ρ’,
1654 1530 1910 1592 πεντάκις

219 1608 264 1662 ε’
299 1609 402 1663 κε’·
438 1611 574 1664 ὥστε
607 1606 749 1665 εἶναι
779 1611 949 1682 ‘ocyus'
981 1621 1080 1666 τοῦ
1113 1611 1405 1682 τριμέτρου
1432 1613 1687 1678 ἰαμβικοῦ
1713 1610 1908 1663 ἀκατα-

219 1694 417 1760 ληκτου
461 1696 718 1761 σχηματα.
750 1725 823 1730 —
855 1694 968 1746 Διά
1005 1696 1060 1746 τί
1097 1699 1200 1747 οὐν
1231 1695 1331 1762 τὴν
1363 1693 1523 1761 ε’κτην
1556 1693 1657 1746 οὐκ
1689 1691 1908 1761 ἐμετρη-

220 1788 413 1840 σαμεν;
462 1775 546 1827 ὅτι
592 1775 810 1837 πάντως
856 1773 1007 1828 ἐστὶν
1056 1779 1272 1844 ἰαμβος·
1323 1774 1428 1828 κᾶν
1475 1775 1578 1842 γαρ
1619 1776 1910 1843 πυρρίχιος

151 1858 277 1922 Ξοῂ,
339 1861 413 1927 τῷ
471 1854 782 1925 ἀδιάφορον
844 1850 986 1909 εἶναι
1044 1858 1144 1925 τὴν
1199 1857 1431 1926 ἐσχάτην
1495 1858 1687 1923 ἴαμβός
1741 1854 1907 1908 ἐστιν.

221 1935 247 1987 ὁ
291 1937 452 1999 αὐτὸς
493 1941 597 1990 οὐν
636 1935 715 1990 ὢν
755 1937 838 1990 ἀεὶ
879 1947 1055 2007 σχῆμα
1096 1939 1161 1991 οὐ
1202 1947 1362 1991 ποιεῖ.

340 2102 360 2138 1
397 2095 432 2139 ι’
469 2100 552 2152 (pr.
578 2097 625 2152 1.)
659 2111 746 2140 om.
766 2099 817 2141 X
838 2100 852 2154 ΙΙ
878 2103 902 2140 5
935 2100 1043 2154 post
1073 2099 1158 2143 δύο
1185 2099 1291 2143 add.
1318 2106 1436 2143 ποιῶ
1461 2098 1681 2141 Hoersch.
1708 2110 1762 2140 ex
1789 2098 1906 2153 YZn

220 2160 243 2196 9
278 2155 328 2199 τὸ
355 2155 571 2213 ἰαμβικὸν
595 2158 641 2199 Y
658 2159 671 2213 ΙΙ
699 2162 751 2200 14
777 2160 884 2213 post
909 2174 929 2201 ε
954 2158 1060 2201 add.
1087 2166 1205 2202 ποιῶ
1223 2157 1442 2201 Hoersch.
1462 2170 1517 2201 ex
1539 2158 1629 2200 YZ
1650 2158 1663 2213 ΙΙ
1689 2160 1744 2198 20
1769 2155 1906 2200 ἀδιά-

220 2230 370 2269 φορον
402 2216 483 2267 A²‚
518 2215 750 2271 διάφορον
783 2218 850 2260 A¹
