2090 3158
268 187 372 239 148
957 189 1190 230 ΣΧοΛΙΑ
1221 190 1259 230 A
1276 224 1278 226 ,

260 321 489 390 ἐκλήθη,
529 321 646 375 ἐπεὶ
687 321 988 390 λελυμένον
1028 320 1142 374 ἐστὶ
1182 323 1242 374 τὸ
1283 322 1503 392 μέτρον·
1553 325 1606 375 οἱ
1647 323 1707 375 δὲ
1747 324 1952 376 Γάλλοι

261 405 655 470 διαβάλλονται
697 404 768 465 ὡς
814 404 1052 471 θήλειαν
1090 405 1260 456 νόσον
1301 406 1536 472 ἐτ’·χοντες
1589 405 1677 456 διὸ
1717 403 1808 456 καὶ
1849 405 1952 457 σώ-

263 505 405 554 ματα
452 487 635 554 φόρον
683 483 908 536 ἐτέλουν
939 481 1220 551 Ῥωμαίοις
1260 486 1338 547 εἰς
1375 486 1669 537 τοῦτο·οῑ
1707 492 1951 566 τοιοῦτοι

267 567 328 620 δὲ
369 567 532 636 ἱερεῖς
574 564 677 618 εἰσὶ
718 567 1027 633 Δήμητρος.

216 670 238 702 5
375 647 566 715 38,14
618 646 1010 714 ἀνακλώμενον
1071 643 1131 698 δε
1186 650 1427 699 καλεῖται
1485 647 1545 699 τὸ
1599 646 1802 716 μέτρον
1861 649 1954 699 διὰ
1988 657 2071 697 195

264 729 366 796 τὴν
411 729 578 780 ποιὰν
624 735 724 780 τοῦ
773 726 974 795 μέτρου
1024 728 1396 793 συμπάθειαν·
1447 728 1480 796 ἡ
1528 729 1632 798 γὰρ
1672 730 1955 780 τελευταία

264 819 377 862 τῶν
424 808 708 878 προτέρων
755 808 947 860 ποδῶν
993 807 1292 860 ἀνακλᾶται
1332 817 1395 878 τῇ
1444 808 1580 879 ἀρχῇ
1620 819 1732 861 τῶν
1772 808 1954 861 δευτέ-

264 911 383 960 ρων
430 891 521 942 ὃιὰ
568 892 629 943 τὸ
679 889 740 942 ἐν
787 889 1008 957 ὀρχήσει
1056 889 1409 958 ἀνακλασμὸν
1460 893 1641 958 μελῶν
1681 892 1954 958 γίνεσθαι.

377 972 463 1040 39,
493 973 518 1024 1
565 972 592 1025 ὁ
633 981 850 1039 πρῶτος
896 972 1161 1037 μολοττός
1202 969 1353 1023 ἐστιν
1394 967 1535 1042 (εἶπε
1575 972 1679 1041 γὰρ
1722 971 1833 1040 [37,
1862 971 1953 1040 19]
1989 978 2084 1036 [74]

200 1076 242 1107 ιο
267 1054 350 1106 ὅτι
404 1053 616 1122 δέχεται
663 1053 936 1121 μολοττὸν
983 1051 1043 1104 ἐν
1093 1060 1212 1114 ταῖς
1249 1049 1568 1121 περιτταῖς),
1624 1052 1680 1103 αἱ
1728 1051 1789 1104 δὲ
1837 1049 1956 1119 ἑξῆς

269 1136 499 1188 ἰωνικαί.
534 1166 602 1171 -
631 1135 890 1202 δηλονότι
923 1132 1315 1202 ἐπιμιγνύουσι
1347 1134 1412 1185 τὰ
1444 1131 1814 1201 προειρημένα
1840 1140 1956 1194 τοῖς

267 1222 559 1283 καθαροῖς·
618 1217 743 1269 ἰδοὺ
799 1217 903 1284 γὰρ
959 1224 1071 1267 τῶν
1119 1215 1303 1267 ἄλλων
1356 1219 1621 1283 καθαρῶν
1668 1215 1848 1266 ὄντων
1894 1215 1954 1266 τὸ

268 1298 369 1366 μὲν
414 1306 636 1366 πρῶτον
684 1299 791 1365 ἔχει
838 1296 938 1348 τὸν
983 1304 1206 1364 πρῶτον
1250 1297 1522 1362 μολοττόν
1563 1293 1806 1365 (περιττὴ
1851 1295 1955 1363 γὰρ

268 1379 300 1447 ἡ
342 1377 542 1449 χώρα),
589 1379 685 1440 τὰς
726 1378 786 1430 δὲ
827 1375 946 1445 ἑξῆς
987 1378 1210 1439 ι’ωνικάς
1249 1378 1519 1476 καθαράς·
1571 1377 1631 1429 τὸ
1674 1373 1734 1428 δὲ
1775 1377 1958 1427 δεύτε-

205 1482 245 1514 15
273 1480 374 1529 ρον
414 1460 615 1528 ὁμοίως
653 1465 727 1530 τῷ
769 1460 968 1530 πρώτω
1005 1460 1301 1527 μολοττόν,
1352 1459 1487 1510 κατὰ
1526 1459 1810 1525 συνίζησιν
1848 1467 1959 1509 τῶν

272 1541 374 1592 δύο
423 1543 719 1609 βραχειῶν,
775 1549 886 1592 τῶν
931 1540 1064 1637 μετὰ
1118 1541 1214 1602 τὰς
1265 1541 1368 1593 δύο
1416 1540 1648 1608 μακράς,
1704 1541 1781 1601 εἰς
1827 1541 1960 1608 μίαν

271 1621 725 1690 λαμβανομεῌνων
779 1614 881 1683 αἷς
921 1623 1129 1688 ἔντεα,
1170 1614 1271 1684 αἶς
1310 1619 1481 1689 ἔντη·
1529 1621 1730 1689 ὁμοίως
1769 1619 1858 1673 καὶ
1898 1619 1959 1673 ἐν

270 1710 344 1775 τῷ
380 1704 614 1771 χάλκεα
653 1704 869 1771 χάλκη.

385 1785 470 1852 39,
496 1783 528 1835 5
569 1792 740 1836 ταῦτα
779 1783 832 1846 ἐξ
875 1782 1145 1852 ἐπιμιξίας
1185 1783 1328 1836 εἰσὶν
1367 1783 1726 1852 ἀνακλώμενα
1757 1785 1958 1852 βραχυ-

207 1888 248 1919 20
273 1866 592 1933 κατάληκτα.
663 1863 851 1934 ἔχουσι
893 1867 996 1934 γὰρ
1033 1866 1135 1933 τὴν
1167 1863 1398 1934 ἐσχάτην
1430 1873 1528 1918 τοῦ
1564 1867 1787 1917 ἰωνικοῦ
1829 1867 1959 1934 βρα-

273 1955 427 2015 χεῖαν
474 1945 596 1998 ἀντὶ
643 1955 864 2016 μακρᾶς.
943 1952 1151 2015 εἴρηται
1193 1947 1252 1999 δὲ
1299 1945 1412 1999 κατ’
1453 1946 1650 2015 ἀρχήν,
1703 1946 1786 1998 ὅτι
1828 1947 1960 1998 ὅταν

269 2027 624 2095 έπιμίσγηται
678 2036 741 2097 τῆ
792 2036 1050 2097 τροχαϊκῆ
1099 2029 1316 2090 πάντως
1361 2028 1393 2095 ἡ
1442 2029 1547 2096 πρὸ
1596 2027 1762 2095 αὐτῆς
1809 2031 1959 2079 ε”σται

270 2110 638 2177 πεντάσημος,
703 2109 731 2161 ὅ
786 2108 899 2160 ε’στι
954 2112 1245 2178 παιωνική·
1308 2109 1381 2172 ὡς
1433 2110 1466 2177 ἡ
1520 2117 1722 2172 κοψεν
1776 2109 1960 2177 ὥστε,

273 2191 534 2259 τροχαϊκὴ
586 2193 817 2257 συζυγία
865 2186 1028 2257 οὖσα,
1077 2194 1184 2259 ἔχει
1231 2192 1331 2258 τὴν
1377 2190 1483 2259 πρὸ
1532 2189 1698 2256 αὐτῆς
1748 2190 1847 2257 τὴν
1893 2209 1960 2242 τε

211 2294 250 2326 25
276 2269 327 2339 μ’
353 2269 513 2340 ἔρως
547 2291 571 2323 ε
599 2274 918 2339 παιωνικήν.
947 2303 1014 2308 —
1041 2273 1102 2324 τὸ
1138 2272 1198 2324 δὲ
1231 2271 1348 2339 ἑξῆς
1380 2274 1440 2323 τὸ
1472 2269 1960 2338 προσελεξάμαν

280 2353 511 2404 δύναται
550 2351 640 2404 καὶ
674 2351 1064 2418 ἀνακλώμενον
1097 2350 1256 2421 εἶναι,
1294 2354 1522 2404 δύναται
1555 2351 1645 2403 καὶ
1678 2350 1961 2419 ἐπίμικτον

277 2435 414 2502 πρὸς
453 2434 547 2495 τὰς
587 2434 878 2501 τροχαϊκὰς
913 2441 1007 2501 τῆς
1037 2442 1338 2502 παιωνικῆς
1369 2433 1727 2501 προκειμένης
1759 2432 1961 2500 ὁμοίως

278 2524 392 2576 τοῖς
445 2519 850 2583 προλεχθεῖσιν.
941 2517 1054 2567 ἔστι
1110 2516 1213 2583 γὰρ
1261 2516 1294 2582 ἡ
1348 2512 1448 2580 μὲν
1495 2515 1679 2583 πρώτη
1731 2516 1960 2581 συζυγία

279 2596 310 2663 ἡ
352 2594 710 2664 προσελεξά
748 2597 927 2647 παίων
966 2599 1168 2664 τρίτος·
1210 2597 1242 2664 ἡ
1276 2593 1335 2648 δὲ
1369 2595 1596 2665 δευτέρα
1639 2615 1763 2663 μαν
1803 2597 1958 2663 ὄναρ

213 2699 254 2730 3ο
283 2680 335 2727 Κ
345 2697 379 2728 υ
406 2677 534 2744 <τῆς
559 2677 683 2744 Κυ>
715 2684 924 2744 μακρᾶς
956 2676 1252 2745 γενομένης
1289 2678 1381 2730 διὰ
1413 2678 1473 2729 τὸ
1506 2676 1868 2745 ἐπιφέρεσθαι
1901 2678 1959 2729 τὸ

401 2815 483 2872 2s3
534 2813 755 2869 σωμάτων
804 2813 1055 2856 Dorvillius
1109 2817 1122 2870 ΙΙ
1176 2820 1202 2857 4
1244 2812 1423 2866 Ἰδαίας
1477 2812 1645 2870 μητρός
1695 2813 1900 2870 Scaliger
1946 2816 1960 2871 (ᾗ

283 2878 306 2915 5
341 2872 481 2916 schol.
510 2877 653 2915 9-18
686 2873 734 2915 in
767 2873 863 2915 IM
894 2875 1001 2915 ante
1034 2877 1147 2916 5—8
1187 2875 1201 2929 ΙΙ
1240 2879 1292 2916 15
1326 2875 1535 2928 μολοττοὶ
1566 2875 1599 2915 Ι
1631 2875 1645 2928 ΙΙ
1685 2878 1739 2915 20
1770 2879 1850 2927 τῆς
1882 2874 1959 2916 ἰω-

283 2938 414 2986 νικῆς
428 2931 570 2974 Pauw
594 2934 607 2987 ΙΙ
633 2937 686 2973 22
713 2938 766 2988 τῇ
792 2945 878 2974 om.
897 2933 961 2987 ΙΙΙ
987 2936 1042 2974 30
1066 2938 1148 2987 τῆς
1170 2932 1589 2988 ῐῢειᾶᾶΝἱΤθειΡὴ,
1615 2937 1674 2975 Ξῖ]
1699 2932 1803 2974 add.
1818 2933 1960 2975 Pauw
