2090 3158
601 161 746 201 ΠΕΡΙ
777 160 1160 203 ΠΟΠίΜΑΤΩΝ.
1197 162 1273 203 IV.
1300 162 1354 203 V.
1380 163 1456 203 VI.
1802 159 1872 212 69

185 302 342 346 ταῐον
387 299 488 345 τοῦ
540 296 882 366 συστήματος
927 301 1026 346 τοῦ
1076 293 1133 347 ἐκ
1179 305 1291 347 τῶν
1337 303 1507 364 τριῶν
1552 296 1745 347 κώλων
1784 293 1872 348 καὶ

185 384 296 427 τῶν
333 372 510 427 πέντε.

999 495 1063 549 V.

299 598 379 666 (1)
409 597 787 667 Δεδειγμὲνου
821 595 881 651 δὲ
912 599 1045 668 ἡμῖν
1076 600 1200 651 τίνα
1232 597 1347 652 ἐστὶ
1379 586 1455 651 τοὶς
1477 596 1873 666 ἀπολελυμένα,

186 675 369 747 φαμὲν
416 681 533 748 εἴδη
582 681 795 733 τούτων
843 674 985 733 εἶναι
1031 681 1096 733 τά
1142 699 1199 732 τε
1248 681 1500 748 ἄστροφα
1546 680 1636 732 καὶ
1675 679 1742 731 τὰ
1780 678 1872 732 ἄν·
1920 700 1940 731 5

187 762 562 831 ομοιόστροφα
600 760 690 814 καὶ
731 763 953 831 ἄτμητοι.

298 842 385 912 (2)
403 839 678 913 Ἄστροφα
715 839 817 910 μὲν
856 839 959 896 οὖν
999 842 1113 896 ἐστι
1144 843 1210 895 τὰ
1241 843 1569 912 τηλικούτου
1600 840 1876 909 μεγέθους

186 922 319 975 ὄντα
374 921 490 992 [ἐπ’
541 922 878 993 ἐλάχιστον],
933 923 1005 986 ὡς
1058 921 1195 992 μηδὲ
1251 931 1494 992 στροφῆς
1549 923 1679 992 ὅλης
1733 916 1876 976 εἶναι

186 1003 324 1056 αὐτὰ
362 1004 716 1074 ὑπονοητικά.
844 997 846 999 ’

29 1088 157 1147 [130]
295 1086 377 1152 (3)
400 1085 866 1156 Άνομοιόστροφα
898 1085 963 1139 δέ
991 1085 1160 1154 ἐστιν,
1193 1087 1295 1140 ὅσα
1333 1087 1551 1149 πάντως
1584 1087 1873 1156 διαιρεῖται
1901 1106 1941 1138 ιο

183 1165 214 1234 ἢ
259 1169 394 1220 κατὰ
440 1170 741 1236 πρόσωπον
779 1168 1073 1236 ἀμοιβαῖον
1112 1169 1144 1238 ἢ
1184 1176 1354 1238 χοροῦ
1395 1170 1531 1238 πρὸς
1569 1168 1874 1237 ὑποκριτὴν

183 1248 476 1319 ἀπόκρισιν
530 1250 563 1319 ἢ
617 1251 752 1304 κατὰ
807 1249 1082 1319 ἐφύμνιον
1137 1250 1169 1319 ἢ
1223 1252 1360 1303 κατὰ
1407 1249 1625 1322 ἐπῳδὸν
1671 1250 1703 1318 ἢ
1750 1247 1876 1301 κατ’

183 1331 317 1384 ἄλλο
357 1351 408 1384 τι
448 1331 806 1401 ἀναφώνημα.
885 1332 1176 1400 διαιρεῖται
1217 1329 1277 1385 δὲ
1316 1334 1436 1401 ἤτοι
1478 1333 1556 1394 εἰς
1595 1331 1698 1383 δύο
1732 1331 1764 1399 ἢ
1797 1331 1875 1393 εἰς

182 1414 373 1466 πλείω·
414 1412 511 1466 ἐὰν
549 1409 650 1480 μὲν
691 1409 795 1465 οὗν
834 1414 911 1474 εἰς
952 1414 1055 1465 δύο
1096 1414 1372 1484 διαιρεθῇ,
1411 1417 1656 1466 καλεῖται
1696 1411 1874 1480 ἑτερό-

185 1509 450 1564 στροφον,
491 1493 588 1547 ἐὰν
627 1491 688 1547 δὲ
728 1497 806 1557 εἰς
843 1497 1087 1562 πλείονα,
1128 1494 1583 1563 ἀλλοιόστροφον.
1901 1513 1941 1545 15

299 1576 384 1644 (4)
402 1574 627 1645 Ἄτμητα
654 1575 719 1629 δέ
739 1576 854 1630 ἐστι
878 1577 944 1629 τὰ
968 1580 1282 1644 τηλικαῦτα,
1309 1577 1444 1629 ὥστε
1469 1576 1749 1628 δύνασθαι
1775 1575 1875 1643 μὲν

183 1656 506 1726 τέμνεσθαι,
554 1659 626 1726 μὴ
664 1657 852 1725 μέντοι
899 1678 951 1710 τι
996 1659 1292 1727 τεκμήριον
1333 1657 1602 1726 ὑπάρχειν
1640 1663 1739 1709 τοῦ
1778 1657 1876 1709 τὸν

183 1740 416 1808 ποιητὴν
457 1739 594 1791 αὐτὰ
633 1739 977 1808 τετμηκέναι,
1026 1740 1156 1808 μήτε
1195 1737 1705 1809 βραχυκαταληξίαν
1743 1740 1875 1807 μήτε

183 1840 235 1872 τι
273 1819 464 1888 ἕτερον
493 1830 605 1873 τῶν
637 1821 992 1891 διοριζόντων
1023 1822 1089 1874 τὰ
1120 1823 1410 1890 ποιήματα,
1448 1812 1569 1873 οἷον
1601 1818 1875 1889 ἐφύμνιον

185 1901 216 1969 ἢ
258 1901 612 1971 ἀναφώνημα.
1897 1922 1942 1953 ‘20

981 2021 1073 2074 VI.

98 2131 149 2171 71
296 2126 378 2194 (1)
426 2128 548 2178 Τῶν
596 2125 657 2177 δὲ
704 2123 757 2188 ἐξ
807 2125 1015 2192 ὁμοίων
1054 2127 1120 2178 τὰ
1165 2124 1267 2193 μέν
1308 2123 1457 2177 ἐστιν
1498 2123 1871 2193 ἀπεριόριστα,

30 2206 157 2267 [131]
184 2208 248 2259 τὰ
290 2203 349 2259 δὲ
388 2207 524 2259 κατὰ
564 2209 958 2274 περιορισμοὺς
997 2207 1244 2269 ἀνίσους.

299 2289 383 2356 (2)
409 2286 782 2356 Άπεριόριστα
813 2287 931 2357 μέν,
965 2288 1138 2342 ὁπόσα
1172 2289 1280 2341 ὑπὸ
1305 2296 1403 2341 τοῦ
1435 2288 1605 2340 αὐτοῦ
1639 2288 1808 2349 ποδὸς
1839 2285 1871 2354 ἢ

184 2377 278 2438 τῆς
295 2369 462 2436 αὐτῆς
487 2370 749 2436 συζυγίας
773 2371 1251 2438 καταμετρούμενα
1276 2369 1307 2438 ἢ
1327 2371 1588 2438 περιόδου
1614 2387 1873 2438 περιγρα-
1898 2386 1943 2419 25

306 2533 359 2571 13
392 2529 709 2586 ἀναφώνημα]
744 2528 886 2574 schol.
914 2530 1149 2586 Aristoph.
1175 2530 1296 2574 Nub.
1319 2536 1444 2573 1259.
1468 2534 1579 2572 1452
1605 2528 1824 2585 (Heliod.)

307 2676 327 2714 1
371 2670 450 2713 καὶ
488 2668 561 2712 vel
602 2669 662 2718 ὡς
694 2668 883 2722 Caesar,
926 2667 953 2724 ἢ
987 2670 1118 2714 codd.
1175 2673 1189 2727 Η
1244 2676 1268 2713 5
1307 2667 1428 2714 εἶναι
1462 2669 1561 2725 εἴδη
1594 2668 1769 2713 τούτων
1803 2670 1834 2711 Ι
1859 2670 1873 2724 ΙΙ

187 2734 212 2772 6
244 2730 350 2773 fort.
377 2728 456 2772 καὶ
487 2727 543 2772 τὰ
569 2730 582 2783 ΙΙ
607 2732 632 2770 8
657 2742 723 2771 vv.
753 2726 827 2772 ἐπ’
856 2727 1094 2786 ἐλάχιστον
1118 2727 1220 2785 (ἀπ’
1251 2729 1308 2773 ἑλ.
1338 2731 1384 2785 I)
1420 2731 1503 2772 aut
1534 2727 1734 2771 delenda
1766 2730 1874 2770 sunt

186 2791 269 2832 aut
299 2788 517 2843 corrupta
548 2790 561 2843 ΙΙ
597 2793 648 2830 12
686 2786 872 2843 ἐπωδὴν
905 2789 935 2830 Ι
962 2790 976 2844 Η
1003 2793 1056 2830 13
1091 2788 1368 2844 ἐπιφώνημα
1400 2790 1431 2831 Ι
1458 2790 1471 2843 ΙΙ
1498 2792 1551 2830 18
1585 2786 1873 2845 βραχυκατά-

185 2849 314 2904 ληξιν
347 2845 492 2892 Gaisf.
533 2849 547 2902 Η
589 2851 641 2889 19
680 2863 724 2889 τι
764 2860 850 2890 om.
882 2848 911 2889 I
946 2849 960 2902 ΙΙ
1000 2852 1055 2889 25
1087 2847 1402 2905 περιγραφὴν]
1436 2860 1495 2890 an
1527 2845 1872 2902 παράγραφονῗ

187 2906 243 2950 cf.
273 2912 414 2961 75,17
