2090 3158
98 1598 207 1643 KP

241 170 430 214 XXVIII
917 171 1250 212 PRAEFATIO

239 310 492 372 pedibus
541 311 835 374 gravissima
883 311 958 357 est
1003 311 1167 357 tertia.
1244 309 1430 356 Mirum
1469 311 1599 356 enim
1637 311 1691 357 in
1728 309 1930 358 modum

239 386 471 432 convenit
523 400 623 431 non
669 384 814 431 modo
863 399 974 430 cum
1028 378 1210 432 schol.B
1258 383 1343 430 lib.
1375 382 1436 444 V,
1484 383 1569 431 sed
1620 385 1773 431 etiam
1818 399 1929 432 cum

241 460 325 518 eis,
365 474 491 519 quae
531 458 589 506 de
627 455 725 506 Oro
767 459 815 504 et
852 457 1079 520 Longino
1121 457 1288 504 docuit
1323 455 1687 505 Choeroboscus
1725 473 1774 518 p.
1808 459 1930 518 212,

242 533 473 580 21-25,

349 621 427 667 III
480 621 794 681 Epitomae
833 619 1358 681 Hephaestioneae
1406 620 1601 680 saepius
1651 621 1704 666 in
1753 619 1929 667 codici-

238 695 328 742 bus
370 694 818 755 deprehenduntur.
894 693 1175 754 Principem
1212 692 1378 741 locum
1415 693 1537 742 haec
1576 693 1673 741 sibi
1710 693 1932 742 vindicat

241 772 290 816 et
330 768 460 829 quod
506 767 558 814 in
605 767 734 815 bono
782 767 947 815 codice
986 766 1386 830 Hephaestioneo
1429 760 1608 832 (Paris.
1643 760 1810 833 2881)
1851 783 1930 815 ex-

239 843 499 904 plicationi
544 844 814 888 metrorum
852 841 1056 889 Pindari
1099 841 1374 903 praemissa
1421 843 1496 889 est
1542 844 1593 888 et
1633 842 1765 903 quod
1811 857 1930 889 non-

239 917 379 963 nulla
410 916 561 963 habet
592 915 868 979 singularia
898 931 988 963 nec
1019 915 1205 977 inepta,
1236 915 1375 962 velut
1404 931 1452 976 p.
1480 916 1600 975 360,
1622 917 1690 963 20
1713 914 1931 978 Longini

238 1007 429 1038 nomen.
506 990 685 1037 Versui
731 989 1115 1051 Hephaestionis
1154 1007 1201 1051 p.
1237 990 1322 1049 14,
1349 990 1397 1050 6,
1443 1005 1554 1037 cum
1599 984 1762 1037 minus
1807 989 1931 1037 bene

238 1065 571 1127 intellegeret,
619 1063 879 1111 substituit
923 1081 970 1125 p.
1007 1065 1135 1124 361,
1162 1065 1231 1111 24
1279 1063 1434 1110 alium
1484 1063 1642 1111 adhuc
1687 1065 1931 1126 ignotum,

241 1155 387 1200 quem
440 1137 773 1199 Byzantinum
828 1153 932 1185 esse
988 1153 1075 1185 suo
1130 1137 1236 1184 iure
1292 1138 1572 1199 suspicatus
1628 1139 1704 1185 est
1756 1136 1816 1184 U.
1871 1136 1930 1183 de

238 1212 954 1260 Wilamowitz-Moellendorff.

350 1301 422 1347 IV
477 1301 728 1348 Trichae
775 1300 999 1347 libellum
1045 1301 1262 1362 primum
1302 1300 1457 1347 edidit
1498 1301 1931 1364 neglegentissime

240 1391 265 1422 e
306 1374 471 1422 codice
502 1374 852 1435 Laurentiano,
893 1374 1013 1422 olim
1042 1374 1224 1422 Abbat.
1257 1375 1404 1435 Flor.,
1444 1390 1581 1423 conv.
1615 1392 1686 1422 nr.
1722 1368 1808 1441 8¹)
1849 1375 1929 1421 de-

240 1451 479 1511 scriptum
526 1449 678 1495 Furia
724 1451 839 1510 post
882 1447 1151 1496 Godofredi
1195 1449 1471 1495 Hermanni
1515 1447 1707 1496 Pseudo
1746 1449 1929 1496 Draco-

239 1540 351 1571 nem
385 1517 540 1588 (Lips.
570 1524 726 1584 1812,
766 1540 812 1584 p.
843 1517 1062 1588 1—73).
1126 1523 1351 1570 Eundem
1388 1523 1547 1570 inesse
1586 1524 1844 1584 praeterea
1877 1524 1931 1569 in

242 1597 491 1645 codicibus
531 1597 652 1644 Ven.
686 1596 835 1644 Marc.
869 1598 975 1644 483
1020 1589 1128 1661 (fol.
1165 1589 1450 1663 631—79v)
1499 1599 1549 1644 et
1590 1596 1744 1644 Paris.
1786 1597 1926 1644 2881

242 1666 348 1737 (fol.
386 1664 674 1736 75v—95v)
721 1673 823 1718 iam
867 1671 1073 1733 Iungius
1115 1670 1392 1731 denotavit,
1434 1671 1520 1732 qui
1567 1671 1699 1718 solus
1738 1672 1792 1718 in
1829 1671 1930 1732 pri-

242 1746 373 1793 stina
419 1745 564 1792 huius
611 1745 729 1792 libri
767 1746 930 1792 forma
971 1745 1307 1806 recuperanda
1347 1761 1548 1806 operam
1586 1745 1792 1793 navavit
1831 1737 1931 1809 (De

242 1820 448 1866 Tricbae
488 1821 629 1866 metr.
668 1819 776 1867 vita
816 1821 865 1866 et
904 1818 1113 1880 scriptis.
1153 1818 1358 1867 Vratisl.
1394 1819 1551 1866 1858.
1593 1818 1654 1865 D.
1693 1811 1764 1884 i.).
1834 1818 1929 1865 Ac-

241 1895 388 1941 cessit
426 1893 542 1940 libri
580 1894 627 1939 P
661 1893 898 1957 gemellus
937 1892 1298 1941 Ambrosianus
1338 1891 1377 1948 Q
1406 1893 1435 1939 5
1479 1891 1579 1939 ord.
1613 1907 1720 1953 sup.
1771 1891 1928 1939 Vene—

239 1971 348 2015 tum
403 1970 452 2014 et
497 1966 883 2014 Ambrosianum
938 1968 1153 2015 excussit
1204 1966 1593 2028 Studemundus⁷
1647 1966 1931 2014 Parisinum

241 2041 734 2089 Hoerschelmannus.
827 2041 1013 2088 Eorum
1070 2057 1221 2102 opera
1275 2041 1528 2104 cognitum
1589 2042 1665 2088 est
1715 2039 1930 2088 codicem

240 2115 631 2162 Laurentianum
679 2131 736 2162 ex
774 2116 828 2162 K
837 2109 878 2181 2)
927 2130 1032 2163 esse
1080 2115 1403 2177 descriptum,
1445 2115 1505 2175 Q,
1555 2114 1642 2161 ubi
1686 2115 1734 2162 P
1775 2114 1928 2173 adest,

240 2189 425 2236 nullius
482 2204 585 2236 esse
638 2191 810 2250 pretii,
865 2190 911 2235 P
961 2191 1010 2236 et
1055 2190 1113 2236 K
1161 2205 1263 2237 esse
1320 2188 1681 2250 quodammodo
1734 2187 1927 2235 fratres.

244 2262 502 2310 Codicibus
542 2263 647 2309 PK
682 2279 793 2310 cum
823 2258 978 2310 verba
1018 2279 1163 2324 saepe
1204 2255 1532 2328 emendata-⁹³),
1573 2265 1682 2309 tum
1720 2262 1927 2309 lacunae

242 2337 375 2383 haud
414 2352 599 2397 parvae
641 2338 865 2399 expletae
906 2331 1081 2400 sunt.4)

363 2496 405 2549 1)
438 2493 493 2535 cf.
528 2492 621 2535 AV
651 2507 695 2548 p.
725 2495 912 2535 91—93.

361 2556 402 2606 2)
438 2553 491 2595 Κ
501 2552 516 2575 ²
548 2554 619 2595 est
648 2564 812 2594 manus
846 2551 1106 2595 correctrix.

362 2613 405 2665 3)
437 2610 590 2666 Iungii
624 2610 918 2654 coniecturae
949 2610 1078 2653 haud
1108 2623 1287 2666 paucae
1320 2609 1620 2653 confirmatae
1654 2610 1772 2652 sunt.

361 2671 403 2724 4)
438 2670 493 2712 cf.
522 2669 822 2724 ed.Westph.
849 2685 894 2726 p.
923 2674 1109 2723 262‚25.
1145 2673 1325 2721 264‚18.
1360 2673 1460 2722 265,
1480 2672 1517 2711 5.
1553 2671 1737 2721 267‚13.
1771 2671 1869 2719 272,
1887 2671 1924 2708 9.

242 2733 342 2781 290,
361 2733 400 2771 3.
435 2734 533 2781 302,
554 2733 591 2772 6.
619 2755 674 2760 —
707 2728 791 2771 His
822 2728 1004 2772 lacunis
1037 2727 1235 2783 expletis
1268 2728 1454 2771 omnino
1487 2726 1785 2782 supersedere
1817 2725 1929 2768 licet

243 2789 459 2843 excerpto
491 2787 573 2830 illo
604 2788 876 2840 miserrimo,
911 2787 1049 2842 quod,
1076 2787 1273 2830 Trichae
1303 2787 1490 2829 nomine
1521 2799 1612 2828 non
1637 2785 1927 2841 insignitum,

243 2860 297 2889 ex
330 2846 641 2889 Laurentiano
675 2846 824 2889 edidit
854 2846 996 2889 Furia
1029 2848 1076 2889 et
1099 2845 1419 2901 Westphalius
1451 2847 1504 2888 ut
1537 2845 1595 2887 ab
1628 2844 1730 2899 ipso
1759 2842 1928 2886 Tricha

244 2905 554 2960 compositum
586 2905 733 2961 (Metr.
763 2905 804 2948 d.
833 2904 1012 2949 Griech.
1039 2905 1082 2946 1²
1114 2920 1156 2960 p.
1186 2907 1286 2960 194)
1327 2905 1377 2947 111
1417 2903 1768 2948 adnotationem
1803 2915 1925 2945 rece-
