2060 3168
228 135 335 187 392
981 135 1158 175 TPIXA

2044 235 2051 255 1

227 266 506 323 τετράμετρα
545 267 626 310 καὶ
663 265 967 321 πεντάμετρα.
1033 265 1081 308 ἐν
1122 263 1174 309 δὲ
1207 264 1390 314 τούτοις
1419 264 1478 308 τὰ
1509 263 1592 320 μὲν
1625 263 1917 322 βραχυκατάὴ-
2046 274 2053 334 ¹5

228 337 390 390 ληκτα,
422 333 479 376 τὰ
512 332 562 378 δὲ
593 330 927 389 καταληκτικά,
960 331 1018 374 τὰ
1050 331 1100 374 δὲ
1134 329 1453 387 ἀκατάληκτα,
1485 330 1543 374 τὰ
1574 329 1919 390 ὃὲ-ὑπερκατά-
2051 379 2053 389 Ι

228 403 383 456 ληκτα.
2039 411 2054 452 η·

347 464 627 522 Λίμετρον
659 466 741 523 μὲν
775 462 859 509 οὗν
894 464 987 508 ἐστι
1019 463 1459 522 βραχυκατάληκτον
1491 470 1625 507 τοῦτο
2052 461 2055 468 '

187 546 206 578 5
498 534 578 577 καὶ
609 533 781 590 λάβρον
815 531 1009 586 ἐρύκοις.

232 597 449 656 δίμετρον
482 598 533 643 δὲ
565 597 902 654 καταληκτικὸν
934 597 985 640 τὸ

497 666 547 709 ἐν
579 662 624 708 δ’
654 662 826 723 ἁμερίῳ
859 661 992 718 φωτί.

230 739 366 775 τοῦτο
400 732 451 776 δὲ
483 732 563 775 καὶ
595 729 819 787 ἐπίσημόν
846 730 982 784 ἐστιν,
1015 730 1332 787 ἑφθημιμερὲς
1363 730 1666 785 καλούμενον,
1701 727 1769 772 ὅτι
1800 735 1924 784 τρεῖς

230 796 369 854 ἥμισυ
404 798 494 854 ἔχει
527 795 845 855 δισυλλαβίας,
879 795 937 840 αἶ’
961 797 1076 841 εἰσιν
1108 795 1247 852 ἥμισυ
1278 804 1360 840 τοῦ
1395 793 1525 840 ἑπτά.
1586 797 1739 853 πολλῷ
1772 794 1824 839 δὲ
1857 798 1921 853 τῷ

164 878 206 909 10
230 865 422 923 τοιούτῳ
461 863 489 919 ἡ
527 863 748 919 ποιήτρια
785 862 1026 907 Τελέσιλλα
1065 861 1294 920 κέχρηται.
1337 890 1391 895 -
1434 861 1663 919 Δίμετρον
1705 859 1757 906 δέ
1798 861 1922 906 ἐστιν

231 930 552 987 ἀκατάληπτον
584 931 636 974 τὸ

498 997 588 1054 χὼς
618 1005 732 1047 παῖς
761 996 887 1041 πόκα
919 995 1069 1040 πότνα
1102 995 1256 1040 σέθεν.
2058 1047 2060 1049 ¹

236 1068 383 1108 Τοῦτο
417 1063 468 1108 δὲ
499 1064 579 1107 καὶ
611 1063 925 1120 Κλεομάχειον
959 1062 1255 1118 ὀνομάζεται,
1289 1061 1358 1107 ὅτι
1389 1066 1539 1120 πολλῷ
1572 1063 1698 1123 αὐτῷ
1732 1062 1755 1106 ὁ
1787 1078 1922 1118 ποιη-
1955 1060 2060 1118 (292]

229 1131 310 1187 τὴς
340 1129 609 1188 Κλεόμαχος
639 1136 826 1188 χρῆται,
868 1129 918 1181 ὃς
949 1130 1125 1186 πύκτης
1157 1130 1239 1185 μὲν
1270 1128 1518 1186 πρότερον,
1552 1128 1614 1181 ὥς
1645 1143 1806 1185 φασιν,
1846 1123 1919 1185 ἦν,

164 1210 205 1241 15
233 1197 449 1252 ἐρασθεὶς
480 1195 533 1240 δέ
564 1214 691 1248 τινος
722 1196 851 1250 νέου,
884 1196 969 1252 τὴν
999 1195 1248 1253 ποιητικὴν
1282 1194 1629 1253 μετεχειρίσατο.
1693 1194 1922 1252 Δίμετρον

231 1263 284 1308 δέ
316 1265 438 1309 ἐστιν
471 1263 880 1320 ὑπερκατάληκτον
911 1263 962 1307 τὸ

497 1332 577 1374 καὶ
610 1330 782 1388 λάβρον
817 1330 1034 1386 ἐρύκοισα
1066 1337 1238 1385 νεφῶν.

231 1398 312 1442 καὶ
344 1395 535 1454 δίμετρα
569 1397 651 1453 μὲν
683 1404 842 1441 ταῦτα.

354 1462 635 1519 Τρίμετρα
669 1463 734 1517 δέ,
767 1463 1208 1522 βραχυκατάληκτον
1241 1461 1324 1519 μὲν
1355 1462 1496 1506 πάλιν
1527 1462 1578 1506 τὸ

166 1542 208 1573 20
499 1531 590 1587 χὼς
619 1538 732 1581 παῖς
763 1527 887 1574 πόκα
919 1527 1069 1574 πότνα
1104 1529 1181 1579 σὸς
1213 1527 1289 1585 ἐφ’
1320 1528 1475 1585 ἄμμιν.

231 1604 376 1640 ταῦτα
417 1594 468 1640 δὲ
500 1595 782 1652 Πραξίλλεια
823 1599 1053 1651 καλεῖται,
1096 1603 1176 1653 τῆς
1214 1594 1460 1652 ποιητρίας
1491 1593 1750 1651 Πραξίλλης
1781 1612 1923 1639 κατα-

232 1661 380 1718 κόρως
411 1664 571 1714 αὐτοῖς
608 1662 917 1720 χρησαμένης·
963 1664 1044 1706 καὶ
1074 1663 1102 1718 ἡ
1136 1663 1323 1718 Σαπφὼ
1356 1662 1407 1707 δὲ
1438 1665 1670 1719 πολλαχοῦ
1705 1660 1925 1718 φαίνεται

232 1730 411 1779 τούτοις
453 1729 677 1788 χρωμένη.
736 1728 846 1774 Ἐπὶ
878 1731 929 1773 δὲ
961 1736 1043 1774 τοῦ
1075 1729 1290 1773 τοιούτου
1322 1727 1562 1784 τριμέτρου
1594 1729 1674 1771 καὶ
1704 1729 1810 1773 ἀντὶ
1839 1735 1923 1772 τοῦ

233 1795 450 1852 δευτέρου
497 1796 644 1848 ποδὸς
690 1796 739 1839 αἱ
779 1795 1018 1852 εἰρημέναι
1055 1795 1294 1851 ποιήτριαι
1334 1794 1587 1852 τροχαῖκὴν
1626 1794 1811 1839 τιθέασι
1852 1797 1923 1839 δι-

167 1874 208 1906 25
233 1860 421 1907 ποδίαν.
456 1889 510 1895 -
549 1861 801 1919 Τρίμετρον
834 1862 887 1907 δέ
919 1863 1012 1907 ἐστι
1044 1862 1380 1919 καταληκτικὸν
1411 1862 1462 1905 τὸ

501 1929 551 1972 ἐν
584 1927 630 1972 δ’
661 1928 833 1989 ἁμερίῳ
866 1930 986 1986 φωτὶ
1018 1926 1270 1986 φλέγοισάν
1303 1945 1369 1984 με.

238 1993 491 2050 Τρίμετρον
524 1995 575 2040 δὲ
608 1995 928 2052 ἀκατάληκτον
962 1992 1064 2040 οἷον
1097 1995 1146 2038 τὸ

501 2063 549 2106 ἐν
583 2059 630 2105 δ’
661 2061 832 2122 ἁμερίῳ
866 2063 985 2118 φωτὶ
1018 2061 1269 2119 φλέγοισαν
1302 2060 1436 2114 ζέσιν.

239 2127 308 2171 Τὰ
339 2135 530 2172 τοιαῦτα
562 2127 778 2184 τρίμετρα
810 2131 950 2185 διχῶς
982 2127 1283 2173 συντιθέασιν
1317 2128 1362 2172 οἱ
1388 2129 1582 2182 Αἰολεῖς,
1615 2136 1712 2178 τοῖς
1736 2136 1924 2185 τροχαῖ-

169 2207 211 2237 30
235 2202 335 2246 κοῖς
374 2194 707 2250 συμπλέκοντες
744 2193 867 2239 ποσί.
931 2203 1028 2245 πῶς
1060 2194 1134 2249 δέ,
1179 2194 1357 2252 εἴρηται
1388 2194 1497 2252 ἡμῖν
1530 2193 1650 2256 ἰδίᾳ,
1692 2195 1812 2239 ἔνθα
1844 2195 1925 2238 καὶ

235 2261 340 2315 περὶ
379 2268 459 2305 τοῦ
501 2260 717 2317 ὃιμέτρου
757 2260 839 2305 ἀπ’
872 2261 1118 2313 ἐλάσσονος
1158 2262 1346 2306 ἰωνικοῦ
1387 2261 1713 2317 ὃιειλήφαμεν,
1754 2261 1815 2311 ὡς
1845 2262 1924 2304 καὶ

236 2327 425 2372 ἄνωθεν
460 2327 651 2383 ἔφαμεν.
718 2326 970 2383 Τρίμετρον
1003 2329 1054 2372 δὲ
1087 2326 1494 2384 ὑπερκατάληκτόν
1528 2328 1620 2371 ἐστι
1651 2327 1703 2371 τὸ

502 2395 582 2437 καὶ
614 2393 785 2452 λάβρον
819 2394 1035 2449 ἐρύκοισα
1068 2401 1225 2450 νεφῶν
1259 2392 1580 2452 ὀμβροφόρων.

237 2460 315 2502 καὶ
347 2458 562 2516 τρίμετρα
595 2461 677 2517 μὲν
710 2467 870 2505 ταῦτα.

171 2537 212 2568 35
362 2526 715 2582 Τετράμετρα
749 2526 813 2580 δέ,
847 2526 1285 2586 βραχυκατάληκτον
1318 2526 1415 2584 μέν,
1449 2525 1550 2571 οἷον
1582 2527 1633 2570 τὸ

503 2594 593 2650 χὼς
623 2601 736 2644 παῖς
767 2591 891 2637 πόκα
922 2592 1072 2638 πότνα
1106 2594 1183 2644 σὸς
1216 2591 1292 2649 ἐφ’
1322 2594 1466 2650 ἄμμιν
1497 2600 1829 2649 τερατουργεῐς.
1952 2598 2060 2654 (293

361 2744 412 2781 14
447 2738 606 2783 Choer.
633 2745 732 2794 243,
752 2746 806 2783 26

359 2883 383 2920 9
416 2879 497 2938 τῷ]
531 2880 675 2938 τούτῳ
707 2888 767 2923 τῶ
799 2882 878 2936 ΡΗ
906 2885 956 2923 17
992 2880 1237 2935 ἐρύκοισαν
1271 2882 1376 2924 PK
1394 2883 1407 2937 Η
1434 2885 1487 2923 36
1521 2880 1598 2932 σὸς
1630 2894 1716 2923 om.
1744 2881 1789 2923 P
