2060 3168
393 131 480 173 VH
520 132 664 172 ΠΕΡΙ
693 132 955 175 ΙΩΝΪΚΟΤ
986 133 1112 175 TO‘r
1144 133 1273 175 ΑΠΟ
1306 134 1621 176 ΜΕΙΖΟΝΟΣ
1742 131 1846 184 391

159 259 205 307 δ’
234 261 329 307 ἀπὸ
361 270 544 319 μακρᾶς
581 264 649 316 εἰς
680 265 829 324 βραχὺ
859 264 911 308 τὸ
950 262 1222 323 τροχαϊκόν,
1263 262 1382 310 οὕτω
1415 265 1495 309 καὶ
1525 265 1577 310 τὸ
1609 266 1850 324 χοριαμβι-

157 328 244 374 κὸν
290 329 371 372 καὶ
414 330 779 376 ἀντισπαστικὸν
819 329 984 388 μέτρον
1023 331 1268 388 ἀντιπαθῆ
1307 331 1387 375 καὶ
1426 329 1723 387 ἀντικείμενά
1761 331 1849 375 εἰσι

52 401 127 455 90)
157 402 257 447 τοῖς
288 395 496 448 ἰωνικοῖς
525 396 833 455 καλουμένοις
863 396 1058 454 μέτροις,
1089 395 1206 453 παρ’
1228 396 1339 442 ὅσον
1363 398 1519 443 ἐκεῖνα
1544 397 1642 455 μέν,
1676 395 1745 442 ὅτι
1769 398 1849 441 καὶ

158 463 331 518 μᾶλλον
363 458 482 519 ἦσαν
515 462 756 521 ἐπίμικτα,
797 464 872 508 ἐπὶ
903 462 1019 508 τέλει
1049 464 1160 516 τοὺς
1190 463 1387 522 ἰάμβους
1417 465 1478 516 ὡς
1509 463 1699 521 εἴπομεν
1728 479 1848 520 παρ-

157 526 393 588 εδέχοντο·
441 537 589 574 ταῦτα
637 529 687 575 δὲ
734 530 791 574 τὰ
839 529 1005 574 ἰωνικὰ
1047 531 1156 582 τοὺς
1192 529 1461 590 τροχαίους,
1507 531 1569 583 ὡς
1606 530 1849 586 προιόντες
1894 543 1915 574 5

158 596 374 653 ἐροῦμεν·
409 595 711 654 διαλαβόντες
742 594 827 641 οὖν
859 597 966 652 περὶ
996 604 1088 641 τῶν
1120 597 1197 642 ἐπὶ
1218 596 1336 642 τέλει
1358 597 1467 649 τοὺς
1490 597 1686 655 ἰάμβους
1716 599 1847 654 δεχο-

159 660 334 719 μένων,
373 664 688 721 χοριαμβικῶν
729 664 848 720 φημὶ
887 664 968 708 καὶ
999 665 1395 719 ἀντισπαστικῶν,
1435 664 1601 720 ἐφεξῆς
1630 664 1711 708 καὶ
1739 665 1846 719 περὶ

155 736 248 773 τῶν
290 730 491 774 ἰωνικῶν
531 728 839 787 διεξέλθωμεν
878 738 970 775 τῶν
1008 732 1117 783 τοὺς
1155 729 1401 788 τροχαίους
1439 728 1700 789 δεχομένων
1730 729 1848 785 πρὸς

155 799 219 854 τῷ
257 794 388 841 τέλει.
445 794 648 841 Ἰωνικοὶ
688 795 741 840 δέ
780 797 867 841 εἰσι
906 798 992 842 δύο
1032 798 1112 842 καὶ
1143 797 1284 854 ἄμφω
1315 797 1691 855 τετρασύλλαβοι,
1724 792 1788 840 ὧν
1821 795 1845 840 6

156 861 240 918 μὲν
280 863 374 907 ἀπὸ
414 861 622 919 μείζονος
659 861 838 920 λέγεται
878 863 902 907 6
945 863 995 908 ἐκ
1034 865 1119 909 δύο
1159 871 1349 921 μακρῶν
1387 863 1467 907 καὶ
1498 863 1584 908 δύο
1617 865 1845 921 βραχειῶν
1872 875 1913 907 10

156 931 415 987 συλλαβῶν,
461 929 485 974 6
526 929 579 974 δὲ
617 927 701 973 ἀπ’
733 929 979 982 ἐλάσσονος
1011 930 1035 975 6
1070 931 1118 975 ἐκ
1151 931 1237 976 δύο
1270 932 1498 989 βραχειῶν
1530 930 1609 974 καὶ
1641 929 1727 974 δύο
1759 946 1846 986 μα-

155 1003 294 1052 κρῶν.
358 995 575 1052 εἰλήφασι
607 995 659 1041 δὲ
690 996 774 1052 τὴν
807 995 1065 1053 ὀνομασίαν
1097 995 1179 1041 ἀπ’
1210 997 1355 1053 αὐτῆς
1382 1002 1464 1053 τῆς
1492 1004 1584 1040 τῶν
1616 997 1846 1055 βραχειῶν

156 1059 185 1118 ἢ
217 1070 408 1119 μακρῶν
441 1064 679 1121 συλλαβῶν
709 1062 1077 1119 προκατάρξεως.

274 1128 514 1184 Πρότερον
552 1127 710 1186 μέντοι
746 1130 854 1186 περὶ
882 1137 966 1174 τοῦ
999 1130 1093 1174 ἀπὸ
1126 1128 1334 1187 μείζονος
1366 1130 1573 1186 ἐροῦμεν.
1635 1126 1845 1184 προτετί-

153 1212 294 1252 μηται
333 1195 422 1252 γὰρ
462 1192 599 1248 οὗτος
637 1196 718 1240 διά
756 1213 804 1241 τε
843 1203 980 1241 τοῦτο
1020 1197 1134 1240 αὐτὸ
1167 1197 1218 1241 τὸ
1251 1197 1344 1240 ἀπὸ
1377 1204 1568 1253 μακρῶν
1599 1196 1845 1253 ἄρχεσθαι,
1869 1207 1911 1240 15

155 1262 216 1314 ὡς
254 1266 409 1319 μεῖζον
449 1262 712 1316 ἐλάττονος,
752 1263 831 1306 καὶ
871 1263 951 1308 διὰ
983 1263 1034 1307 τὸ
1066 1263 1239 1319 πολλὴν
1271 1262 1543 1320 συγγένειαν
1576 1263 1698 1321 ἔχειν
1729 1262 1846 1318 πρὸς

154 1329 206 1372 τὸ
244 1329 336 1385 πρὸ
377 1336 544 1387 μικροῦ
579 1327 727 1386 ῥηθέν
758 1347 805 1374 τε
845 1330 925 1374 καὶ
955 1331 1134 1389 ταχθὲν
1165 1328 1352 1387 μέτρον,
1394 1327 1508 1386 λέγω
1541 1328 1598 1385 δὴ
1629 1328 1682 1372 τὸ
1715 1329 1845 1372 ἀντι-

153 1394 427 1440 σπαστικόν·
477 1403 586 1453 μιᾶς
632 1396 719 1454 γὰρ
770 1398 996 1455 συλλαβῆς
1035 1403 1117 1453 τῆς
1160 1397 1346 1453 πρώτης
1383 1393 1724 1452 ἀφαιρεθείσης
1760 1401 1842 1439 τοῦ

152 1465 372 1519 καθαροῦ
412 1464 798 1517 ἀντισπαστικοῦ,
839 1463 1080 1520 γενήσεται
1110 1463 1162 1507 τὸ
1203 1461 1369 1519 μέτρον
1399 1462 1619 1517 καθαρὸν
1651 1462 1843 1506 ἰωνικὸν

153 1529 247 1573 ἀπὸ
279 1527 503 1587 μείζονος,
537 1528 686 1584 ὥσπερ
720 1527 779 1573 αὖ
811 1533 876 1590 τῷ
906 1533 1109 1590 καθαρῷ
1140 1530 1312 1590 ἰωνικῷ
1344 1537 1453 1587 μιᾶς
1476 1530 1702 1587 συλλαβῆς
1732 1525 1838 1572 κατ’
1866 1539 1908 1571 20

153 1595 301 1653 ἀρχὰς
331 1595 640 1652 προτεθείσης
670 1597 1032 1642 ἀντισπαστικὸν
1062 1596 1115 1640 τὸ
1147 1595 1314 1654 μέτρον
1345 1593 1514 1653 γένοιτ’
1544 1595 1617 1639 ἄν.

276 1663 340 1708 Τὸ
371 1661 534 1708 τοίνυν
567 1663 759 1707 ἰωνικὸν
792 1661 1061 1707 συντίθεται
1092 1662 1176 1720 μὲν
1200 1664 1280 1707 καὶ
1303 1661 1539 1718 καθαρόν,
1570 1659 1839 1707 συντίθεται.

153 1730 204 1774 δὲ
236 1731 317 1774 καὶ
349 1728 605 1786 ἐπίμικτον,
638 1728 751 1774 ὅταν
784 1729 860 1773 ἐπὶ
890 1728 1007 1774 τέλει
1038 1727 1244 1788 δέχηται,
1284 1730 1345 1781 ὡς
1377 1730 1568 1786 ἔφαμεν,
1599 1729 1708 1780 τοὺς
1737 1745 1840 1783 τρο-

151 1794 327 1853 χαίους.
390 1797 509 1852 Περὶ
549 1795 631 1852 μὲν
664 1793 749 1841 οὖν
781 1802 862 1840 τοῦ
902 1799 1120 1851 καθαροῦ
1153 1797 1364 1841 ἐνταῦθα
1396 1796 1610 1852 ἐροῦμεν·
1650 1795 1758 1849 περὶ
1789 1793 1843 1839 δέ

150 1879 202 1920 γε
232 1870 315 1907 τοῦ
349 1861 592 1919 ἐπιμίκτου
625 1861 724 1923 ἰδίᾳ
757 1861 1046 1920 διελάβομεν,
1081 1862 1201 1906 ἔνθα
1232 1863 1313 1906 καὶ
1343 1862 1449 1917 περὶ
1478 1868 1560 1905 τοῦ
1586 1859 1839 1918 συμμίκτου
1864 1871 1906 1904 35

150 1930 342 1974 ἰωνικοῦ
373 1937 456 1974 τοῦ
489 1927 573 1973 ἀπ’
603 1928 870 1980 ἐλάσσονος·
917 1928 1008 1973 ἔστι
1041 1929 1092 1973 δὲ
1123 1927 1152 1984 ἡ
1184 1928 1303 1986 ἀρχὴ
1335 1936 1427 1972 τῶν
1458 1928 1682 1972 τοιούτων
1714 1927 1839 1973 ἐπῶν

149 2012 237 2040 αυτ

237 2014 266 2053 η
417 2056 467 2100 ἐν
499 2053 730 2111 ἀφανέσσι
762 2053 1008 2112 βελέμνοις.

41 2147 115 2199 91)
148 2143 244 2188 ἐκεῖ
273 2144 360 2202 γὰρ
393 2143 506 2200 μετὰ
539 2144 657 2188 ὀκτὼ
691 2141 875 2200 στίχους
906 2143 1124 2194 ἰωνικοῦς
1155 2139 1242 2186 ἀπ’
1270 2142 1516 2193 ἐλάσσονος
1543 2142 1629 2187 δύο
1661 2149 1838 2187 κεῖνται

149 2210 331 2255 ἰωνικοὶ
370 2210 464 2254 ἀπὸ
503 2208 711 2268 μείζονος
749 2210 1006 2267 σύμμικτοι,
1040 2235 1094 2241 -
1131 2209 1195 2253 Τὸ
1237 2215 1351 2266 γοῦν
1388 2208 1607 2262 καθαρὸν
1647 2209 1837 2253 ἰωνικὸν
1861 2219 1904 2251 3ο

149 2276 269 2321 κατὰ
307 2284 466 2322 πᾶσαν
511 2278 668 2334 χώραν
707 2276 789 2320 τὸν
829 2275 1076 2333 ὁμώνυμον
1115 2276 1239 2333 αὐτῷ
1279 2275 1470 2320 ἰωνικὸν
1509 2273 1836 2334 παραδέχεται.

103 2349 110 2356 ’
149 2342 330 2401 δέχεται
370 2342 422 2388 δὲ
459 2344 540 2387 καὶ
579 2343 630 2388 ἐν
669 2350 770 2392 ταῖς
808 2340 1011 2396 ἀρτίαις,
1050 2340 1255 2386 τουτέστι
1294 2340 1487 2402 δευτέρᾳ
1518 2342 1598 2385 καὶ
1627 2340 1836 2401 τετάρτῃ,

146 2411 256 2462 τοὺς
286 2410 549 2466 μολοσσούς.
611 2409 911 2460 Μολοσσὸς
942 2407 994 2453 δὲ
1025 2408 1143 2458 πούς
1174 2408 1298 2454 ἐστιν
1331 2407 1354 2451 ὀ
1388 2409 1438 2452 ἐκ
1467 2415 1608 2462 τριῶν
1632 2415 1835 2465 μακρῶν,

149 2475 294 2528 οὕτως
327 2474 664 2533 ὀνομαζόμενος
696 2475 776 2519 διὰ
800 2475 851 2519 τὸ
876 2474 1094 2531 μήκιστος
1121 2471 1242 2519 εἶναι
1265 2482 1356 2519 τῶν
1379 2474 1691 2532 τρισυλλάβων
1715 2474 1836 2519 πάν-

147 2559 240 2587 των
272 2546 431 2587 ποδῶν
466 2540 492 2598 ἢ
525 2542 606 2586 διὰ
637 2542 689 2586 τὸ
722 2542 975 2597 εὑρεθῆναι
1007 2541 1092 2597 τὴν
1123 2541 1345 2597 τοιαύτην
1386 2538 1706 2598 ῥυθμοποιίαν
1742 2540 1833 2586 ὑπό
1858 2552 1901 2584 35

147 2625 275 2660 τινος
307 2609 479 2659 ἔθνους
510 2608 630 2653 οὕτω
661 2606 922 2666 λεγομένου.

268 2676 376 2719 Εἰσὶ
415 2672 461 2718 δ’
498 2675 548 2720 ἐν
587 2675 732 2734 τούτῳ
771 2678 835 2734 τῷ
873 2673 1019 2734 μέτρῳ
1057 2672 1250 2729 ὃίμετρά
1288 2690 1335 2718 τε
1382 2675 1460 2717 καὶ
1499 2672 1714 2730 τρίμετρα
1755 2676 1835 2719 καὶ

179 2881 201 2926 g
269 2821 524 2926 ΙΙΞΙιέαχθὲν
542 2823 604 2878 K,
629 2821 843 2879 πραχθὲν
870 2823 913 2865 Ρ
933 2826 946 2878 ΙΙ
971 2826 1026 2864 25
1053 2821 1174 2866 ἔνθα
1193 2823 1255 2876 K,
1281 2821 1358 2864 καὶ
1385 2821 1507 2865 ἔνθα
1525 2822 1569 2864 Ρ
1587 2824 1601 2878 ΙΙ
1626 2826 1682 2866 28
1707 2823 1833 2878 ἀφα-

149 2899 176 2925 ν
202 2896 246 2925 σι
