2060 3168
721 854 962 913 Liber
1021 854 1380 931 quintus

987 1012 1105 1066 XII.

665 1133 866 1200 <Περὶ
913 1139 1028 1186 τοῦ
1078 1133 1438 1201 ἰαμβικοῦ.)

319 1251 363 1302 1.
421 1252 491 1304 Τὸ
543 1251 799 1320 ἰαμβικὸν
846 1251 1048 1320 μέτρον
1094 1248 1208 1302 ἔστι
1248 1251 1349 1318 μὲν
1389 1248 1707 1319 ἑξάμετρον,
1756 1252 1896 1304 διαι-

161 1353 179 1386 5
206 1341 380 1403 ρεῖται
419 1328 478 1384 δὲ
519 1334 596 1394 είς
636 1333 754 1385 δύο.
817 1333 878 1384 τὸ
918 1332 1020 1399 μὲν
1051 1332 1155 1401 γὰρ
1189 1331 1360 1385 αὐτοῦ
1392 1334 1634 1384 καλεῖται
1673 1352 1896 1400 τραγι-

204 1416 322 1466 κόν
361 1433 425 1466 τε
465 1414 568 1466 καὶ
609 1416 919 1480 κωμικόν,
960 1405 1002 1485 ᾧ
1039 1411 1130 1465 καὶ
1170 1422 1281 1465 τῶν
1320 1418 1569 1466 παλαιῶν
1608 1414 1661 1466 οἱ
1700 1412 1897 1466 πολλοὶ

208 1494 526 1563 ἐχρήσαντο.
613 1494 824 1564 δέχεται
880 1495 941 1547 δὲ
993 1502 1158 1547 τοῦτο
1208 1493 1269 1547 ἐν
1314 1491 1416 1561 μὲν
1461 1503 1525 1565 τῇ
1573 1496 1759 1564 πρώτῃ
1809 1495 1896 1548 καὶ

205 1578 358 1646 τρίτῃ
398 1574 488 1628 καὶ
527 1575 737 1646 πέμπτῃ
779 1576 936 1643 βάσει
975 1577 1147 1638 πόδας
1185 1575 1363 1643 πέντε,
1416 1577 1691 1629 δάκτυλον
1731 1590 1897 1629 σπον-

207 1659 359 1710 δεῖον
405 1666 625 1727 χορεῖον
672 1657 1011 1711 ἀνάπαιστον
1057 1658 1146 1710 καὶ
1193 1657 1291 1709 τὸν
1338 1656 1633 1724 ὁμώνυμον
1680 1657 1896 1726 ἴαμβον,

140 1760 183 1791 1ο
207 1737 267 1791 ἐν
307 1738 367 1790 δὲ
407 1746 470 1807 τῇ
521 1737 751 1809 δευτέρᾳ
797 1737 887 1790 καὶ
927 1739 1155 1807 τετάρτῃ
1195 1740 1325 1800 τοὺς
1365 1737 1468 1791 ἀπὸ
1507 1741 1764 1807 βραχείας
1805 1738 1897 1808 ἀρ-

205 1818 498 1888 χομένους,
554 1818 840 1872 τουτέστιν
888 1818 1229 1872 ἀνάπαιστον
1275 1829 1495 1888 χορεῖον
1542 1821 1631 1872 καὶ
1681 1822 1896 1888 ἴαμβον,

207 1899 267 1952 εἶν
323 1897 382 1952 δὲ
438 1908 503 1970 τῇ
559 1900 683 1970 ἕκτῃ
743 1903 942 1967 ἴαμβον
989 1900 1020 1968 ἢ
1068 1903 1384 1970 πυρρίχιον·
1441 1903 1526 1954 δεῖ
1571 1902 1675 1970 γὰρ
1724 1902 1898 1969 αὐτὴν

206 1983 421 2044 πάντως
476 1978 617 2034 εἶναι
674 1983 1036 2049 ὃισύλλαβον,
1091 1980 1182 2034 καὶ
1237 1983 1337 2050 τὴν
1390 1983 1492 2050 μὲν
1545 1984 1650 2050 πρὸ
1705 1981 1897 2044 τέλους

208 2057 349 2115 εἶναι
395 2065 676 2132 βραχεῖαν,
723 2065 823 2132 τὴν
869 2064 929 2116 δὲ
976 2062 1064 2116 ἐπὶ
1103 2063 1295 2125 τέλους
1334 2063 1657 2133 ἀδιάφορον.
1734 2065 1794 2116 τὸ
1836 2064 1896 2116 δὲ

143 2165 183 2198 15
209 2144 396 2213 ἕτερον
435 2152 533 2197 τοῦ
577 2146 834 2212 ἰαμβικοῦ
875 2145 1037 2213 μέρος
1077 2147 1319 2197 καλεῖται
1357 2147 1656 2213 καθαρόν
1688 2165 1752 2197 τε
1791 2147 1896 2197 καὶ

207 2229 569 2295 τρίμετρον.
631 2226 807 2297 τούτῳ
849 2226 909 2278 δὲ
949 2226 1127 2293 ὀλίγοι
1163 2235 1273 2278 τῶν
1305 2225 1548 2294 ἀρχαίων
1580 2225 1894 2295 ἐχρήσαντο.

210 2307 419 2374 δέχεται
468 2307 529 2358 δὲ
575 2306 636 2359 ἐν
683 2303 784 2375 μὲν
830 2315 893 2376 τῇ
934 2308 1119 2376 πρώτῃ
1161 2307 1318 2373 βάσει
1359 2311 1559 2375 ἴαμβον
1598 2306 1687 2359 καὶ
1730 2321 1896 2360 σπον-

209 2389 386 2454 δεῖον,
434 2387 634 2456 ὁμοίως
680 2386 770 2440 καὶ
820 2388 879 2440 ἐν
926 2397 989 2458 τῇ
1030 2390 1184 2458 τρίτῃ
1224 2387 1313 2440 καὶ
1356 2388 1415 2440 ἐν
1453 2396 1516 2458 τῇ
1555 2387 1796 2457 πέμπτῃ,
1837 2387 1898 2440 ἐν

330 2536 354 2574 3
389 2533 448 2575 ad
480 2534 628 2575 totam
668 2533 789 2576 hanc
822 2535 965 2576 artem
1001 2533 1307 2588 Byzantinam
1341 2533 1396 2576 cf.
1431 2534 1659 2589 imprimis
1693 2533 1891 2589 append.

210 2591 398 2646 Dionys.
434 2593 480 2635 et
511 2592 720 2647 Rhetor.;
754 2591 1147 2635 Hom-schelmann
1181 2592 1313 2634 LdM

330 2713 355 2752 3
388 2725 433 2751 π.
467 2727 503 2752 τ.
539 2710 567 2753 ἰ.
602 2710 845 2762 Hoersch.‚
886 2710 992 2764 περὶ
1029 2717 1122 2753 τῶν
1155 2710 1306 2753 αὐτῶν
1342 2711 1387 2752 Y
1433 2711 1447 2766 ΙΙ
1501 2714 1527 2752 4
1561 2710 1653 2754 ἐστὶ
1694 2708 1796 2767 μὲν]
1831 2709 1896 2753 ἔτι

212 2768 261 2811 δὲ
295 2769 321 2809 k
360 2770 374 2823 Η
416 2773 437 2809 ’ἶ
473 2769 542 2826 δὲ]
578 2767 661 2812 οὖν
693 2770 720 2812 k
767 2771 781 2824 ΙΙ
830 2774 881 2811 12
918 2769 966 2812 ἐν
998 2775 1051 2826 τῇ
1088 2768 1192 2827 ἕκτῃ
1228 2769 1277 2813 δὲ
1310 2769 1337 2811 k
1381 2771 1385 2825 Ι
1431 2767 1479 2826 ἢ]
1512 2769 1590 2811 καὶ
1623 2766 1650 2823 ἢ
1682 2769 1723 2822 k,
1755 2766 1782 2823 ἢ
1816 2769 1895 2811 καὶ

211 2840 340 2881 prop.
374 2827 592 2870 Hoersch.
626 2831 640 2882 ΙΙ
677 2833 731 2871 14
765 2828 815 2870 δὲ
849 2828 972 2885 (pr.)]
1006 2842 1091 2870 om.
1119 2828 1145 2870 lc
1177 2830 1190 2883 Η
1225 2833 1277 2870 15
1313 2828 1531 2884 ἰαμβικοῦ
1564 2825 1728 2883 μέτρου
1761 2825 1896 2882 μέρος

213 2899 319 2940 app.
352 2885 468 2929 rhet.
504 2889 550 2930 et
581 2886 713 2929 Dion.

1927 867 1983 908 18

1924 947 2050 1003 (151)

1929 2397 2051 2456 (152)
