2090 3158
251 188 409 230 xa—v.
442 187 555 229 x11.
575 198 594 229 2
627 187 771 228 ΠΕΡΙ
802 186 1063 229 ῙῼΝΙΚΟΤ
1094 187 1220 228 TOT
1250 187 1379 229 Ano
1411 188 1724 229 ΜΕΙΖοΝοΣ
1769 186 1872 238 145

295 321 391 391 34,
423 321 494 372 22
550 319 604 383 ἐξ
659 320 966 390 ὁλοκλήρου
1019 322 1079 373 τὸ
1135 320 1442 390 Ἀχιλλέα,
1505 322 1597 373 ἵνα
1651 320 1874 389 γένηται

183 402 577 470 ἀκατάληκτον·
626 403 688 454 ἔν
733 415 843 454 τισι
892 402 953 455 δὲ
998 403 1059 455 τὸ
1107 401 1263 465 τέλος
1307 403 1443 455 κατὰ
1483 405 1772 470 συνίζησιν
1809 404 1871 456 τὸ

183 482 490 552 [Άχιλ]λέα,
523 483 614 535 ἵνα
646 482 869 551 γένηται
900 486 1308 551 καταληκτικόν.
1372 482 1476 536 εἰσὶ
1510 480 1571 536 δὲ
1604 483 1664 536 ἐν
1695 485 1871 555 τούτῳ

181 570 256 636 τῷ
298 563 476 636 μέτρῳ
527 563 787 634 τέσσαρες
834 564 1192 617 ἀντίσπαστοι
1239 564 1331 617 καὶ
1381 567 1573 633 ἴαμβος
1611 564 1700 617 καὶ
1742 569 1872 618 συλ-

182 648 346 714 λαβή,
395 647 442 698 εἰ
487 648 902 714 καταληκτικόν·
958 648 1006 698 εἰ
1054 643 1114 699 δὲ
1162 646 1559 714 ἀκατάληκτον,
1608 647 1710 699 δύο
1753 652 1871 715 ἴαμ-
1919 666 1938 699 5

181 730 294 795 βοιε
333 759 407 765 -
440 727 558 779 IM

905 882 1029 952 Cap.
1054 881 1146 935 XI.

62 1010 143 1049 191
290 1002 376 1070 35,
403 1002 434 1054 8
475 1003 536 1055 τὸ
579 1002 805 1054 ἰωνικὸν
846 998 1218 1070 ἑφθημιμερὲς
1249 1010 1395 1070 τρεῖς
1428 1004 1535 1071 ἔχει
1575 1003 1748 1064 πόδας
1779 1003 1869 1055 καὶ

47 1089 143 1147 [67]
179 1086 482 1152 συλλαβήν·
538 1085 626 1136 καὶ
683 1082 743 1136 ἐν
790 1085 966 1155 τούτῳ
1015 1084 1047 1151 ἡ
1101 1083 1288 1151 πρώτη
1345 1083 1670 1151 ἀδιάφορος·
1727 1084 1759 1152 ἡ
1809 1081 1869 1136 δὲ

177 1167 461 1228 κατακλεὶς
499 1167 773 1236 τροχαϊκή.
1894 1184 1936 1216 10

289 1247 383 1323 35¹,
412 1248 478 1300 13
528 1249 750 1309 εἰκότως
795 1245 884 1299 ἐπὶ
930 1256 1042 1299 τῶν
1090 1246 1293 1315 ἀρτίων
1341 1247 1394 1298 οἱ
1441 1250 1717 1313 μολοττοί·
1768 1256 1868 1300 τοῦ

177 1330 280 1397 γὰρ
328 1333 597 1396 μολοττοῦ
644 1327 940 1395 τιθεμένου
988 1326 1102 1380 κατ’
1143 1328 1312 1396 ἀρχὰς
1362 1326 1451 1380 καὶ
1499 1335 1599 1380 τοῦ
1641 1330 1867 1382 ῑωνικοῦ

45 1414 142 1473 [68]
175 1408 290 1478 μετ’
328 1411 499 1463 αὐτὸν
546 1410 869 1479 εὑρίσκοντο
925 1408 1087 1462 πέντε
1141 1407 1342 1478 μακραὶ
1393 1408 1586 1477 ἐφεξῆς
1636 1408 1725 1462 καὶ
1774 1409 1868 1477 ἆρ-

176 1493 391 1561 ρυθμία
428 1493 602 1560 πολλὴ
645 1491 874 1559 ἐγένετο.
951 1498 1051 1543 τοῦ
1092 1487 1152 1543 δὲ
1191 1490 1412 1560 μέτρου,
1462 1490 1490 1543 ὃ
1533 1490 1798 1560 ἐπιφέρει,
1839 1492 1866 1545 ὁ

175 1582 390 1642 πρῶτος
453 1574 671 1635 ι’ωνικὸς
732 1571 822 1625 καὶ
884 1574 1174 1641 μολοττός,
1237 1566 1352 1624 εἶτα
1415 1573 1724 1642 διτρόχαιος
1777 1574 1866 1626 καὶ
1893 1592 1936 1623 15

176 1656 344 1707 πάλιν
382 1656 667 1721 μολοττός·
715 1654 776 1706 τὸ
817 1655 921 1722 γὰρ
962 1674 1043 1721 ην
1082 1654 1260 1722 ἡμῶν
1299 1654 1387 1706 καὶ
1427 1654 1488 1706 τὸ
1530 1654 1618 1721 γὼ
1658 1657 1867 1707 πίνων

176 1734 432 1802 μολοττοὶ
472 1735 595 1788 ἀντὶ
636 1735 956 1804 ὁλοκλήρων
997 1737 1236 1787 ἰωνικῶν
1267 1736 1422 1787 εἰσίν.
1485 1735 1517 1804 ἡ
1551 1736 1653 1803 γὰρ
1686 1740 1867 1789 τελευ-

175 1819 300 1869 ταιά
353 1818 534 1886 μακρὰ
589 1814 947 1885 διαιρουμένη
996 1817 1073 1878 εἰς
1121 1817 1223 1869 δύο
1275 1819 1532 1916 βραχείας
1577 1826 1723 1869 ποιεῖ
1769 1819 1867 1870 τὸν

177 1898 402 1951 ἰωνικὸν
451 1897 556 1950 ἀπὸ
604 1899 717 1966 μείξ
724 1917 876 1965 ονος,
929 1895 1045 1949 ἐπεὶ
1095 1896 1185 1950 καὶ
1232 1907 1343 1950 τῶν
1389 1897 1477 1950 ἐπὶ
1523 1897 1715 1960 τέλους
1762 1900 1864 1952 δύο

174 1983 446 2048 βραχειῶν
503 1984 944 2047 συναιρεθεισων
997 1977 1025 2031 ὁ
1080 1979 1343 2045 μολοττὸς
1397 1982 1620 2046 γι’ν.εται
1715 1983 1865 2032 ε’στιν
1891 2001 1934 2032 20

174 2065 278 2114 οὐν
324 2061 384 2113 τὸ
440 2060 641 2130 μέτρον
687 2060 986 2127 <ι’ωνικὸν>
1038 2061 1298 2155 διμετρον
1352 2059 1748 2129 ακατάληκτον,
1804 2063 1864 2114 τὸ

173 2143 519 2208 καλούμενον
570 2141 960 2210 Κλεομάχειον.
1052 2142 1112 2193 τὸ
1170 2137 1229 2193 δε
1286 2139 1558 2209 ἐψόφησ’
1605 2140 1629 2193 ἐ
1685 2143 1866 2211 διτρό-

174 2240 348 2292 χαιος·
383 2218 498 2276 εἶπε
531 2224 634 2292 γὰρ
669 2221 1066 2290 ἐπιμίγνυσθαι
1100 2223 1235 2291 πρὸς
1270 2223 1363 2284 τὰς
1395 2224 1684 2291 τροχαϊκὰς
1718 2224 1863 2276 αὐτό.

175 2303 259 2375 (τὸ
315 2308 518 2374 πλῆρες
572 2301 901 2374 ἐψόφησεν)·
961 2300 1073 2356 εἶτα
1128 2303 1423 2372 ἀμοιβαῖον
1479 2302 1599 2370 ἐγὼ
1654 2307 1864 2356 πίνων

173 2387 307 2439 κατὰ
346 2394 545 2438 πεῦσιν
583 2384 673 2438 καὶ
714 2385 1022 2453 ἀπόκρισιν.
1888 2407 1929 2439 25

286 2467 372 2535 35,
398 2467 469 2519 20
511 2469 736 2519 ἰωνικὸν
782 2469 1073 2534 τρίμετρον
1119 2466 1655 2534 βραχυκατάληκτον,
1701 2465 1729 2518 ὃ
1769 2486 1863 2518 κα-

175 2553 345 2601 λεῖται
402 2547 787 2617 Πραξίλλειον·
844 2547 1363 2616 βραχυκατάληκτον
1419 2546 1503 2612 δέ,
1559 2548 1703 2599 διότι
1759 2548 1860 2600 δύο

174 2632 474 2697 συλλαβαῖς
521 2629 667 2681 ἐνδεῖ
714 2629 851 2697 πρὸς
895 2629 995 2681 τὸν
1041 2627 1251 2681 τέλειον
1289 2631 1582 2697 τρίμετρον
1623 2630 1859 2681 ι’ωνικόν.

295 2823 318 2861 7
351 2818 529 2862 scholia
559 2819 698 2861 huius
732 2818 900 2874 capitis
933 2817 982 2860 in
1015 2818 1124 2861 solis
1158 2818 1289 2862 codd.
1317 2819 1350 2860 Ι
1356 2819 1416 2860 M
1451 2820 1464 2874 ΙΙ
1503 2823 1553 2860 11
1590 2815 1776 2868 εἰκότως
1809 2819 1859 2863 δὲ

173 2877 250 2921 ἐπὶ
275 2878 337 2920 Μ
356 2880 370 2934 ΙΙ
395 2883 447 2920 21
483 2878 673 2922 ἰωνικὸν
702 2878 838 2921 inser.
865 2877 1027 2931 Pauw3
1062 2878 1118 2920 cf.
1146 2877 1292 2933 Heph.
1321 2882 1390 2930 35,
1412 2882 1464 2919 12
1490 2878 1503 2932 ΙΙ
1529 2882 1583 2919 22
1618 2876 1860 2934 ἐψόφησεν

173 2939 280 2992 (om.
315 2937 351 2994 ἐ)
384 2939 418 2980 Ι
434 2939 449 2993 ΙΙ
473 2941 528 2980 23
562 2938 694 2994 αὐτὸ]
729 2937 871 2980 αὐτὸν
903 2936 1113 2992 Westph.

263 3019 526 3051 HnPnAnsno
551 3019 607 3050 ed.
630 3018 919 3051 Consbruch.
1537 3014 1589 3053 10
