2090 3158
277 173 302 224 1
313 172 383 224 80
728 172 1039 214 ΓΕΩΡΓΙΟΤ
1071 173 1509 214 ΧΟΙΡΟΒΟΣΚΟΤ

273 306 485 376 λέγεται
532 304 623 359 κδ’
662 304 808 375 ἔχειν
854 305 1045 375 μέτρα,
1095 306 1265 358 οἱονεὶ
1313 309 1573 375 χρόνους,
1622 308 1695 370 ὡς
1735 309 1894 376 δηλοῖ
1932 307 1961 361 ὁ

270 387 499 457 Ὀρφεὺς
539 388 570 456 ἢ
611 388 642 456 ἡ
685 389 881 439 Πυθία
921 386 1159 455 λέγουσα
1197 386 1322 457 περὶ
1362 395 1461 440 τοῦ
1501 386 1669 450 ἔπους
1709 389 1883 451 οὕτως

424 471 627 538 ὄρθιον
667 465 918 538 ἑξαμερὲς
955 471 1196 536 τετόρων
1235 469 1326 521 καὶ
1367 474 1540 522 εἴκοσι
1579 469 1807 539 μέτρων.

387 548 619 621 (Ἰστεόν
660 547 720 602 δὲ
760 549 844 602 ὅτι
884 551 1060 611 ἄλλως
1100 551 1444 616 λαμβάνουσι
1474 552 1606 612 τοὺς
1641 553 1879 619 χρόνους
1910 553 1963 604 οὶ
1996 558 2087 614 (93)

229 654 251 687 5
275 633 544 700 μετρικοί,
584 633 761 699 ἤγουν
802 631 854 682 οἱ
894 633 1282 699 γραμματικοί,
1325 631 1416 683 καὶ
1455 631 1632 693 ἄλλως
1672 633 1724 685 οἱ
1765 632 1966 701 ῥυθμι-

274 715 376 766 κοί.
454 714 506 765 οἱ
553 713 917 781 γραμματικοὶ
965 711 1180 765 ἐκεῖνον
1219 713 1432 781 μακρὸν
1471 715 1675 782 χρόνον
1714 711 1966 766 ἐπίσταν-

274 815 363 846 ται
409 795 507 846 τὸν
553 792 748 862 ἔχοντα
797 794 899 846 δύο
948 795 1205 862 χρόνους,
1258 792 1347 846 καὶ
1397 794 1464 846 οὐ
1512 795 1842 862 κατάγονται
1889 796 1967 858 εἰς

272 878 460 943 μεῖζόν
507 892 578 928 τι·
633 876 684 927 οἱ
734 874 795 926 δὲ
842 874 1109 942 ῥυθμικοὶ
1159 874 1382 943 λέγουσι
1421 876 1547 927 τόδε
1587 872 1729 928 εἶναι
1767 878 1967 946 μακρό-

274 977 439 1027 τερον
478 957 668 1024 τοῦδε,
717 956 1024 1024 φάσκοντες
1063 957 1164 1023 τὴν
1202 953 1303 1024 μὲν
1342 965 1453 1008 τῶν
1492 959 1787 1025 συλλαβῶν
1825 952 1967 1010 εἶναι
2001 966 2056 1006 35

210 1061 254 1092 10
280 1039 381 1091 δύο
422 1039 644 1106 ἡμίσεος
682 1038 915 1106 χρόνων,
963 1037 1063 1105 τὴν
1104 1034 1164 1089 δε
1204 1047 1392 1106 τριῶν,
1430 1039 1532 1105 τὴν
1573 1035 1633 1090 δε
1671 1040 1966 1091 πλειόνων·

278 1113 399 1172 οἷον
439 1120 540 1187 τὴν
572 1139 644 1181 ως
678 1139 731 1171 οι
770 1117 1133 1188 γραμματικοὶ
1167 1117 1390 1186 λέγουσι
1425 1120 1527 1172 δύο
1560 1122 1777 1189 χρόνων
1809 1116 1968 1189 εἶναι,

279 1203 331 1254 οἱ
379 1201 440 1254 δὲ
489 1200 754 1269 ῥυθμικοι
795 1200 897 1251 δύο
937 1199 1182 1267 ἡμίσεος,
1231 1200 1333 1253 δύο
1373 1201 1475 1267 μὲν
1513 1209 1612 1253 τοῦ
1655 1222 1695 1253 ω
1735 1209 1967 1271 μακροῦ,

277 1283 606 1351 ἡμιχρονίου
641 1281 701 1334 δὲ
733 1288 831 1332 τοῦ
868 1295 919 1333 σ·
960 1288 1072 1332 πᾶν
1104 1281 1207 1350 γὰρ
1242 1282 1547 1351 σύμφωνον
1581 1282 1792 1350 λέγεται
1825 1280 1970 1351 ἔχειν

277 1361 640 1434 ἡμιχρόνιον.)
691 1394 751 1399 -
794 1362 1021 1414 Σκοπὸν
1062 1357 1166 1414 οὖν
1204 1358 1345 1431 ἔχων
1385 1362 1552 1430 ἐστίν,
1603 1365 1676 1426 ὡς
1712 1365 1970 1432 προείπο-
2002 1371 2090 1427 (88)

212 1467 254 1499 15
278 1465 398 1512 μεν,
437 1444 465 1497 ὁ
505 1444 751 1514 τεχνικὸς
789 1443 914 1512 περὶ
953 1442 1167 1511 με’τρων
1207 1444 1505 1512 διαλαβεῖν.
1545 1477 1617 1481 -

390 1526 438 1578 2.
503 1527 839 1595 Χρήσιμον
896 1524 960 1577 δέ
1012 1525 1127 1577 ἐστι
1181 1526 1240 1577 τὸ
1295 1526 1474 1594 παρὸν
1525 1527 1855 1595 σύγγραμμα
1903 1527 1968 1579 οὐ

279 1616 471 1674 πᾶσιν,
520 1606 657 1660 ἀλλὰ
703 1615 819 1668 τοῖς
865 1603 1100 1674 ἔμμετρα
1145 1609 1439 1675 ποιήσουσι
1485 1609 1698 1676 βιβλία,
1751 1607 1816 1660 οὐ
1865 1608 1969 1677 γὰρ

281 1689 544 1758 ῥήτορσιν
582 1687 615 1756 ἢ
657 1687 839 1750 ἁπλῶς
878 1696 993 1749 τοῖς
1032 1696 1095 1756 τῇ
1136 1692 1265 1758 πεζῇ
1306 1689 1506 1757 φράσει
1546 1690 1910 1758 κεχρημένοις.

392 1770 439 1821 3.
496 1771 783 1837 Γνήσιον
833 1767 895 1820 δέ
942 1768 1054 1821 ἐστι
1094 1770 1153 1821 τὸ
1193 1771 1371 1838 παρὸν
1411 1771 1740 1839 σύγγραμμα
1773 1769 1969 1839 Ἡφαι-
2003 1777 2090 1834 (89)

215 1874 257 1905 20
283 1854 512 1913 στίωνος
566 1861 787 1919 πρῶτον
841 1850 942 1916 μὲν
997 1848 1055 1903 ἐκ
1108 1859 1202 1918 τῆς
1255 1849 1443 1919 κοινῆς
1504 1853 1806 1920 μαρτυρίας
1859 1861 1970 1904 τῶν

280 1932 644 2000 ὑπομνήματα
683 1931 1034 1999 ποιησάντων
1073 1933 1151 1994 εἰς
1191 1932 1343 2000 αὐτό,
1389 1926 1503 1984 εἶτα
1543 1929 1603 1984 δὲ
1643 1931 1732 1984 καὶ
1775 1932 1830 1984 ἐκ
1871 1940 1969 1986 τοῦ

276 2018 593 2082 μεμνῆσθαι
650 2013 820 2065 αὐτὸν
875 2013 1075 2064 τούτου
1131 2011 1220 2064 καὶ
1275 2011 1337 2065 ἐν
1386 2021 1501 2075 τοῖς
1548 2012 1752 2080 ἑτέροις
1799 2014 1970 2066 αὐτοῦ

282 2096 567 2163 ποιήμασι·
608 2104 756 2146 ποιεῖ
790 2094 894 2162 γὰρ
934 2095 1157 2161 βιβλίον
1191 2094 1315 2161 περὶ
1354 2095 1668 2162 ποιήματος,
1709 2094 1840 2163 ὅπερ
1881 2095 1970 2146 καὶ

279 2175 365 2228 ἀεὶ
407 2177 826 2244 συνευρίσκεται
865 2175 1039 2246 τούτῳ
1079 2181 1155 2246 τῷ
1194 2173 1319 2242 περὶ
1359 2173 1572 2244 μέτρων
1610 2177 1822 2246 βιβλίῳ.

401 2326 427 2363 4
461 2320 634 2363 schol.A
660 2325 728 2373 95,
751 2325 818 2362 15.
861 2319 1030 2362 schol.B
1053 2320 1148 2375 (lib.
1175 2319 1254 2369 IV)
1283 2325 1350 2372 16,
1373 2326 1411 2363 5.
1453 2320 1594 2363 schol.
1629 2320 1674 2362 in
1709 2320 1843 2363 Dion.
1862 2320 1968 2363 Thr.

284 2385 383 2434 205,
403 2385 471 2423 24.
506 2379 640 2422 Dion.
667 2378 772 2421 Hal.
801 2380 857 2421 dc
891 2393 926 2422 c.
954 2394 992 2422 v.
1021 2393 1056 2421 c.
1079 2383 1131 2422 15
1157 2394 1202 2434 p.
1229 2384 1300 2434 57,
1319 2385 1454 2435 9sqq.
1487 2379 1627 2422 Prisc.
1656 2378 1738 2423 GL
1762 2379 1804 2421 Π
1829 2383 1969 2433 51,25

406 2511 427 2548 1
448 2503 588 2561 μέτρα
609 2503 783 2561 ἔχεινΗ
801 2505 804 2557 Ι
825 2503 846 2546 ὁ
867 2517 954 2547 om.
968 2506 1042 2561 K,
1057 2509 1081 2545 3
1101 2502 1314 2560 ἑξάμερὲς
1329 2503 1527 2559 τετόρων
1539 2505 1695 2560 Long.,
1714 2505 1968 2548 An.Ambr.

287 2569 445 2617 231,7;
472 2563 711 2619 ἑξαμετρὲς
733 2562 961 2613 τεττάρων
988 2563 1119 2606 codd.
1135 2565 1308 2619 114-14
1335 2564 1393 2606 ad
1418 2577 1579 2607 vocem
1597 2562 1791 2619 χρόνους
1808 2563 1970 2606 addita

287 2626 394 2666 sunt
425 2638 480 2666 ox
513 2622 671 2666 scholl.
706 2622 884 2677 Heph.1³
920 2637 965 2677 p.
999 2628 1073 2675 16,
1100 2630 1184 2664 5—
1190 2627 1243 2664 10
1283 2625 1297 2679 Η
1338 2628 1359 2665 7
1394 2621 1726 2678 καταγίνονται
1757 2623 1888 2666 codd
1924 2625 1970 2665 et

288 2682 446 2725 scholl.
479 2681 645 2737 Heph„
685 2680 1002 2735 καταφέρουσι
1035 2680 1269 2738 Egenolff,
1302 2681 1405 2724 fort.
1441 2681 1722 2736 κατάγονται
1746 2684 1760 2737 ΙΙ
1785 2686 1810 2723 8
1843 2681 1968 2738 τόδε]

285 2741 422 2784 τόνδε
454 2740 624 2783 scholB
644 2740 658 2798 ΙΙ
684 2744 708 2782 9
743 2739 971 2812 συλλαβὴν
997 2741 1041 2783 R
1065 2744 1078 2795 ΙΙ
1105 2745 1158 2782 13
1190 2740 1243 2783 τὸ
1269 2757 1302 2782 ω
1335 2741 1529 2813 μακρὸν,
1562 2738 1747 2795 ἡμίσεος
1778 2740 1828 2783 δὲ
1859 2739 1911 2783 τὸ
1945 2754 1971 2783 σ

287 2814 415 2872 prop.
435 2799 667 2854 Hoer.sch,
699 2796 971 2855 ἡμιχρονίου
998 2796 1047 2842 δε
1073 2806 1154 2842 τοῦ
1183 2813 1208 2841 σ
1233 2799 1410 2855 scripsi,
1435 2797 1688 2856 ἡμίχρονον
1714 2799 1765 2842 δὲ
1789 2799 1840 2842 τὸ
1868 2813 1892 2840 σ
1911 2800 1968 2852 R,

288 2857 539 2915 ἡμίχρονον
573 2859 622 2901 δὲ
656 2858 707 2901 τὸ
742 2875 767 2913 γ
800 2859 853 2900 K
872 2860 898 2931 {l5
913 2862 964 2899 17
998 2857 1242 2912 ποιήσουσι
1275 2858 1507 2910 Hoersch„
1548 2857 1766 2911 ποιήσασι
1799 2858 1929 2901 codd.
1956 2860 1969 2913 ΙΙ

291 2922 344 2960 18
369 2925 465 2966 τοῖς
488 2924 540 2973 τῇ
567 2931 653 2959 om.
676 2919 752 2973 Κξς
770 2921 824 2959 21
845 2916 956 2959 αὐτὸ
975 2916 1141 2970 Hense,
1167 2917 1311 2960 αὐτὸν
1330 2917 1461 2960 codd.
1511 2922 1564 2959 23
1585 2916 1820 2973 πονήμασι
1838 2916 1966 2959 Stud.
