2060 3168
0 2492 2 2501 .„
0 2447 4 2468 -
0 2288 9 2434 .....--r-
0 2150 9 2277 vv--v-‚-
0 2126 2 2139 -

26 1495 130 1550 297)

373 163 480 204 Vm
519 164 663 205 ΠΕΡΙ
693 163 954 206 ῙΩΝΠζῡΤ
985 164 1110 206 ΤΟΤ
1142 165 1228 206 An
1259 164 1634 206 ΕΛΑΣΣΟΝΟΣ
1743 161 1852 216 395

162 293 436 351 κατακόρως
488 293 780 352 χρησαμένου
825 302 908 340 τοῦ
949 292 1289 351 Ἀνακρέοντος.
1366 293 1604 348 ποδίζεται
1658 295 1710 339 δὲ
1756 301 1855 347 τοῖς

164 360 405 416 νεωτέροις
443 361 523 407 διὰ
561 362 614 406 τὸ
663 360 968 419 σαφέστερον,
1016 358 1167 420 οἶμαι,
1211 362 1356 414 ἄλλως
1401 362 1518 417 ἥπερ
1559 362 1756 419 ἔφαμεν·
1805 362 1852 415 ἐξ

162 426 457 473 ἀναπαίστου
490 428 578 487 γὰρ
611 429 691 472 καὶ
722 429 809 473 δύο
842 428 1022 487 ἰάμβων
1046 430 1125 473 καὶ
1150 436 1258 485 μιᾶς
1281 435 1442 485 κοινῆς
1465 430 1694 487 συλλαβῆς
1714 436 1851 473 τοῦτο

161 502 404 550 μετροῦσιν
436 494 482 540 οἱ
511 503 611 540 νῦν.

280 559 510 618 Δίμετρον
542 561 594 607 δὲ
625 562 1034 619 ὑπερκατάληκτόν
1065 563 1188 608 ἐστιν
1220 560 1323 607 οἷον
1353 562 1405 606 τὸ
1443 556 1460 566 “
1897 576 1917 610 5

428 626 632 687 ἐνάγοισ’
661 629 728 681 εἰς
756 628 1053 673 θαλέθοισάν
1084 646 1154 686 με.

161 695 242 739 καὶ
273 693 466 751 δίμετρα
497 696 579 752 μὲν
608 703 769 740 ταῦτα.

284 759 566 818 Τρίμετρα
598 760 664 816 δέ,
696 761 1135 821 βραχυκατάληκτον
1168 761 1250 818 μὲν
1282 759 1342 806 αὖ
1375 759 1476 806 οἷον
1508 762 1559 806 τὸ

426 828 629 886 ἀπάγοις
660 829 710 873 ἐκ
741 828 997 886 κακότητος
1027 829 1083 872 νύ
1117 843 1194 884 με·

158 894 496 952 καταληκτικὸν
529 894 580 938 δὲ
611 893 852 951 τρίμετρον
885 892 987 939 οἷον
1018 894 1069 938 τὸ
1875 911 1916 943 10

426 959 630 1018 διάγοισ’
659 959 866 1020 ἀβλαβέα
898 963 1223 1005 παντοδαπᾶν.

158 1028 239 1071 καὶ
268 1028 415 1088 τούτῳ
439 1027 491 1073 δὲ
515 1027 787 1083 κατακόρως
809 1026 1027 1085 κέχρηται
1051 1029 1301 1079 Διονύσιος
1324 1028 1348 1072 ὁ
1374 1028 1580 1086 ποιητής.
1598 1026 1849 1072 -Ἀκατά-

158 1097 328 1150 ληκτον
359 1094 414 1139 δέ
444 1094 538 1139 ἐστι
569 1092 808 1152 τρίμετρον

426 1160 628 1219 ἀπάγοις
660 1162 710 1204 ἐκ
742 1160 998 1218 κακότητος
1028 1170 1225 1219 μογεροῦ
1258 1179 1330 1206 νυ.

158 1228 239 1271 καὶ
267 1235 404 1273 τοῦτο
436 1228 487 1272 τὸ
521 1227 687 1283 μέτρον
717 1228 835 1272 πολύ
868 1227 962 1272 ἐστι
994 1227 1122 1284 παρὰ
1142 1225 1434 1283 Ἀνακρέοντι
1457 1228 1537 1271 καὶ
1561 1229 1771 1283 Σαπφοῖ.
1790 1254 1846 1260 -
1873 1242 1914 1276 15

162 1292 418 1350 Τρίμετρον
450 1294 501 1340 δὲ
534 1293 942 1351 ὑπερκατάληκτον
972 1294 1024 1338 τὸ

425 1360 610 1418 ἐνάγοις
640 1361 706 1412 εἰς
735 1360 1032 1406 θαλέθοισαν
1063 1359 1246 1417 μυρίοις
1278 1368 1431 1418 γαῖαν.

157 1427 236 1471 καὶ
267 1425 486 1483 τρίμετρα
518 1429 602 1483 μὲν
633 1435 793 1471 ταῦτα.

279 1493 643 1551 Τετραμετρα
675 1493 741 1549 δέ,
774 1493 1215 1553 βραχυκατοὶληκτον
1247 1494 1330 1551 μὲν
1364 1490 1466 1538 οἷον
1498 1494 1549 1538 τὸ

423 1560 607 1618 διάγοις
637 1559 843 1619 ἀβλαβέα
875 1562 1187 1605 παντοδαπᾶν
1220 1561 1270 1606 ἐκ
1301 1568 1473 1606 κακῶν.
1870 1575 1912 1607 20

94 1641 99 1647 ’
153 1626 302 1687 τούτῳ
341 1628 392 1671 δὲ
431 1631 494 1686 τῷ
534 1627 952 1687 βραχυκαταλήκτῳ
990 1625 1275 1687 τετραμέτρῳ
1315 1626 1540 1683 ὁλόκληρα
1580 1606 1847 1685 ἐπιτίθησιν

155 1691 338 1757 ᾄσματα
375 1691 652 1749 Ἀνακρέων,
700 1694 781 1774 τὸ,ν
822 1695 904 1750 μὲν
943 1702 1128 1748 πρῶτον
1173 1692 1300 1738 πόδα
1340 1694 1531 1738 ἰωνικὸν
1568 1694 1719 1744 τιθεὶς
1757 1692 1843 1738 ἀπ’

156 1740 422 1816 ἐλάσσονος,
464 1762 547 1805 τὸν
579 1760 631 1806 δὲ
663 1758 760 1816 μετ’
791 1761 969 1805 ἐκεῖνον
1001 1758 1190 1804 παίωνα
1220 1758 1399 1814 τρίτον,
1440 1757 1490 1810 ὅς
1521 1760 1644 1804 ἐστιν
1676 1761 1726 1806 ἐκ
1758 1762 1845 1805 δύο

156 1830 383 1886 βραχειῶν
415 1829 495 1872 καὶ
527 1834 708 1883 μακρᾶς
737 1828 818 1871 καὶ
850 1826 1083 1885 βραχείας,
1116 1824 1214 1871 εἶτα
1246 1826 1365 1870 κατὰ
1395 1827 1447 1870 τὸ
1482 1827 1594 1877 ἔθος
1622 1834 1715 1872 τῶν
1748 1827 1847 1872 ἐπι-

154 1893 344 1951 μίκτων,
376 1896 438 1947 ὡς
468 1895 549 1938 καὶ
573 1893 787 1949 ἀνωτέρω
813 1894 1018 1949 εἴπομεν,
1041 1893 1293 1950 τροχαϊκὴν
1321 1892 1556 1950 συζυγίαν,
1580 1890 1679 1938 εἶτα
1705 1909 1846 1939 σπον-
1870 1908 1912 1941 25

155 1963 297 2006 δεΐον.
376 1961 446 2006 Τὰ
489 1962 540 2005 δὲ
583 1968 776 2005 τοιαῦτα
822 1961 867 2014 ἐξ
912 1959 1143 2016 ἐπιμιξίας
1184 1963 1406 2004 καλοῦσιν
1448 1961 1844 2016 ἀνακλώμενα,

155 2026 276 2082 ἴσως,
302 2029 363 2079 ὡς
388 2025 504 2073 ἔνιοί
529 2042 659 2084 φασι,
684 2027 765 2071 διὰ
782 2027 833 2071 τὸ
851 2028 1153 2071 ἀνακλᾶσθαι
1168 2026 1253 2083 τὴν
1271 2025 1433 2071 κλάσιν
1449 2034 1530 2083 τῆς
1546 2034 1707 2083 φωνῆς
1728 2027 1846 2083 πρὸς

155 2093 437 2151 ἁπαλότητα.
505 2092 560 2138 Τι’
598 2093 754 2151 μέντοι
799 2093 851 2138 τὸ
892 2092 1062 2149 κυρίως
1101 2093 1223 2138 ἐστιν
1262 2093 1615 2148 ἀνακλώμενον,
1659 2094 1709 2138 ἐν
1748 2101 1845 2145 τοῖς

153 2161 273 2206 κατὰ
304 2161 623 2205 ἀντιπάθειαν
654 2159 947 2218 μεμιγμένοις
979 2162 1133 2206 ἔπεσιν
1166 2161 1374 2216 ἐροῦμεν.

278 2226 594 2284 Τετραμετρον
640 2227 691 2270 δὲ
739 2228 1075 2283 καταληκτικὸν
1121 2226 1340 2282 καθαρόν
1385 2227 1478 2271 ἐστι
1519 2226 1713 2272 εκαστον
1750 2235 1844 2271 τῶν
1867 2241 1911 2273 30

154 2292 470 2349 προκειμένων
502 2300 641 2348 τριῶν
675 2293 811 2337 ἐπῶν.
873 2292 931 2336 τὰ
963 2292 1015 2337 δε
1045 2300 1238 2337 τοιαῦτα
1263 2292 1542 2349 τετράμετρα
1573 2293 1653 2336 καὶ
1685 2291 1843 2350 ἐπιση-

154 2359 330 2416 μότατα
364 2361 464 2404 εἰσι.
528 2360 607 2403 καὶ
635 2359 863 2416 Φρύνιχος
895 2359 918 2403 ὁ
951 2360 1150 2410 παλαιὸς
1180 2359 1387 2416 ποιητής,
1421 2358 1443 2403 ό
1468 2375 1515 2403 τε
1539 2359 1741 2415 κωμικὸς
1766 2361 1843 2404 καὶ

155 2426 180 2470 ὁ
211 2426 443 2484 τραγικός,
477 2426 526 2471 ἐν
558 2428 743 2477 πολλοῖς
774 2424 1029 2482 φαίνονται
1060 2427 1289 2484 χρώμενοι
1319 2433 1416 2478 τοῖς
1445 2426 1685 2476 τοιούτοις.
1748 2427 1841 2470 Καὶ

151 2500 299 2537 ταῦτα
339 2491 516 2550 μέντοι,
558 2491 631 2537 ὅτε
664 2493 779 2536 εἰσὶν
811 2490 1050 2549 ἐπίμικτα,
1089 2493 1391 2548 ἀνακλώμενα
1426 2491 1731 2549 ὀνομάζονται
1761 2493 1840 2536 καὶ

276 2625 297 2662 1
333 2618 503 2662 schol.¹³
531 2618 627 2675 (lib.
650 2617 704 2675 V)
738 2633 781 2674 p.
810 2622 908 2671 285,
931 2622 984 2660 10
1008 2621 1022 2674 ΙΙ
1050 2623 1102 2661 12
1135 2618 1384 2669 Διονύσιος
1414 2617 1640 2674 originem
1673 2619 1841 2662 ducere

153 2677 337 2721 videtur
368 2692 423 2722 ex
456 2677 667 2733 exemplo
698 2677 847 2733 Heph.
875 2679 1138 2733 39,141126
1171 2676 1330 2721 Choer.
1357 2681 1457 2732 246,
1476 2682 1500 2720 3

275 2801 327 2840 12
360 2803 495 2841 τοῦτο
527 2797 573 2840 Ρ
600 2798 615 2852 ΙΙ
647 2800 699 2838 21
734 2794 1016 2855 τετραμέτρῳ
1046 2795 1101 2845 L,
1134 2794 1352 2869 τριμέτρω
1388 2796 1492 2839 PK
1513 2796 1520 2851 Ι
1547 2795 1653 2839 fort.
1687 2793 1840 2839 συντί-

152 2859 318 2913 θησινς
344 2855 400 2899 cf.
422 2855 569 2912 Heph.
597 2858 611 2912 ΙΙ
636 2858 689 2898 27
716 2854 820 2898 fort
848 2854 962 2912 (καὶ
987 2842 1104 2912 διὰ>
1130 2855 1212 2910 τὴν
1237 2857 1251 2910 ΙΙ
1276 2858 1330 2897 30
1356 2854 1642 2909 καταλήκτον
1660 2855 1761 2911 (sic)
1784 2856 1837 2906 Ρ,

154 2914 474 2972 ἀκατάληκτον
508 2916 562 2959 K
591 2917 605 2970 ΙΙ
637 2919 691 2957 32
726 2914 831 2972 εἰσι]
866 2913 955 2957 ἐστὶ
991 2915 1036 2957 Ρ
