2090 3158
366 149 469 192 XII.
515 151 660 192 ΠΕΡΙ
689 151 814 193 ΤΟΤ
845 146 950 192 ΑΠ’
978 149 1354 192 ΕΑΑΣΣΟΝΟΣ
1384 148 1660 190 ΙΩΝῙΚΟΤ.
1792 146 1863 198 39

399 286 453 336 Γ
446 285 606 337 αλλαὶ
643 285 847 356 μητρὸς
885 284 1067 353 ὀρείης
1106 285 1449 352 φιλόθυρσοι
1491 283 1778 352 δρομάδες,

398 359 483 428 αἷς
521 363 679 419 ἔντεα
716 374 1036 435 παταγεῖται
1075 366 1166 418 καὶ
1205 365 1404 434 χάλκεα
1440 366 1694 435 κρόταλα.

42 451 141 510 [74]
285 447 371 515 (4)
389 446 498 500 Καὶ
522 455 597 520 τῷ
613 449 1110 519 βραχυκαταλήκτω
1136 443 1196 499 δὲ
1207 445 1508 515 Ἀνακρέων
1526 446 1627 498 ὅλα
1653 444 1866 516 ᾄσματα

174 527 487 597 συνέθηκεν
527 526 646 599 (47)

397 610 612 682 μεγαλῳ
655 609 826 679 δηῦτέ
858 608 912 677 μ’
959 606 1099 678 ἔρως
1129 607 1329 673 έκοψεν
1370 610 1507 662 ὥστε
1541 611 1772 678 χαλκεὺς
1891 628 1910 660 5

396 690 626 759 πελέκει,
666 693 924 790 χειμερίῃ
951 690 1001 744 δ’
1047 689 1279 744 ἔλουσεν
1318 690 1379 743 ἐν
1419 691 1680 760 χαραδρῃ.

295 775 416 824 Τῶν
450 769 510 825 δε
541 772 846 843 τριμέτρων
876 774 937 826 τὸ
968 773 1070 840 μὲν
1111 771 1485 841 ἆκαταληκτον
1522 769 1746 843 (Sapph.
1772 770 1866 843 87)

396 853 776 922 ῒζαελεξοὲμαν
816 856 951 922 ὄναρ
993 855 1364 924 Κυπρογενήᾳ

174 937 322 1006 παρὰ
374 944 438 1006 τῇ
494 939 740 1005 Σαπφοῖ,
794 937 940 1005 παρὰ
996 935 1057 988 δὲ
1104 933 1454 1004 Ἀνακρέοντι
1500 933 1618 1006 (50)
1675 933 1870 1003 ἑτέρως’·

176 1016 560 1086 ἐσχημάτισται
1895 1036 1937 1068 10

88 1108 146 1148 40
402 1097 507 1151 ἀπό
546 1119 639 1165 μοι
679 1104 880 1151 θανεῖν
919 1097 1148 1167 γένοιτ’·
1189 1099 1256 1152 οὐ
1298 1099 1399 1167 γὰρ
1441 1097 1510 1151 ἂν
1549 1099 1683 1166 ἄλλη

402 1180 558 1242 λύσις
598 1179 656 1232 ἐκ
694 1182 883 1233 πόνων
922 1178 1122 1248 γένοιτ’
1163 1180 1378 1249 οὐδαμὰ
1416 1181 1607 1232 τῶνδε.

43 1267 142 1326 [75]
176 1263 236 1316 τὸ
279 1259 338 1316 δὲ
378 1264 776 1331 καταληκτικόν
817 1259 1032 1331 (Anacr.
1058 1259 1154 1332 55)

606 1343 893 1396 Διονύσου
934 1347 1133 1396 σαῦλαι
1172 1344 1516 1411 βασσαρίὸες.

42 1430 142 1489 [76]
288 1425 371 1493 (5)
406 1425 476 1477 Ίὸ
510 1421 571 1476 δὲ
603 1425 899 1493 <δίμετρον
931 1425 1026 1491 τὸ>
1052 1423 1428 1492 ἀκατάληκτον
1460 1426 1594 1477 κατὰ
1618 1425 1717 1476 τὸν
1747 1423 1873 1476 ἀνα·
1897 1444 1937 1475 15

178 1507 461 1573 κλώμενον
489 1514 802 1576 χαρακτῆρα
817 1508 962 1558 πολὺ
987 1507 1135 1574 παρὰ
1157 1512 1232 1578 τῷ
1244 1504 1597 1574 Ἀνακρέοντί
1612 1504 1723 1558 ἐστι
1751 1503 1870 1576 (61)

609 1589 756 1658 παρὰ
796 1589 960 1656 δηῦτε
1002 1588 1426 1655 Πυθόμανδρον

609 1668 846 1722 κατέδυν
885 1667 1059 1737 ἔρωτα
1100 1669 1351 1737 φεύγων·

178 1756 252 1822 τῷ
310 1747 370 1802 δὲ
434 1755 664 1822 καθαρῷ
720 1749 1087 1819 ἑφθημιμερεῖ
1148 1751 1282 1803 ὅλον
1345 1744 1490 1821 ᾆσμα
1560 1749 1872 1819 Τιμοκρέων

179 1832 454 1901 συνέθηκε
495 1831 577 1903 (6)
1897 1853 1938 1884 ‘30

612 1907 842 1969 Σικελὸς
881 1907 1090 1972 κομψὸς
1130 1905 1268 1975 ἀνὴρ

610 1989 732 2040 ποτὶ
773 1989 875 2040 τὰν
914 1986 1099 2057 ματέρ’
1146 1985 1268 2056 ἔφα.

302 2154 356 2192 18
388 2149 724 2192 Timocratium
758 2148 882 2193 Serv.
908 2149 971 2192 IV
995 2153 1095 2204 464,
1128 2154 1181 2192 15

303 2301 415 2340 1-2
464 2296 740 2340 Callimachi
787 2309 887 2340 esse
935 2311 1055 2341 cens.
1091 2296 1282 2340 Wilam.
1320 2296 1426 2340 coll.
1463 2295 1622 2340 Choer.
1658 2300 1734 2347 81
1766 2301 1820 2339 23
1860 2298 1874 2352 ΙΙ

181 2358 289 2412 post
322 2361 346 2399 2
380 2356 593 2412 exempla
625 2356 754 2400 tertii
784 2357 975 2412 paeonis
1007 2356 1080 2400 vel
1110 2356 1444 2413 palimbacchii
1475 2369 1581 2399 cum
1606 2355 1874 2398 ditrochaeo

181 2415 317 2459 mixti
347 2416 639 2460 intercidisse
671 2418 807 2472 putat
822 2415 1042 2488 Westph.
1068 2418 1082 2472 ΙΙ
1107 2421 1132 2459 8
1158 2415 1499 2471 προςελεξαμαν
1526 2417 1565 2470 Ι
1597 2416 1874 2469 προςεὸεξα-

181 2491 275 2532 μαν
295 2476 342 2531 (ὃ
359 2489 472 2519 corr.
491 2475 539 2517 in
559 2477 600 2532 λ)
619 2477 682 2529 Η,
708 2475 761 2527 ζὰ
787 2472 834 2519 δ’
854 2475 1076 2548 ἐλεξάμαν
1094 2475 1272 2519 Ahrens
1302 2478 1306 2531 Ι
1336 2473 1646 2535 Κυπρογενήα
1662 2473 1873 2529 Benfiley,

183 2533 494 2590 Κυπρογέννα
527 2535 586 2589 A,
620 2532 943 2591 Κυπρογενεια
975 2536 1067 2579 ΙΗ
1099 2536 1113 2590 ΙΙ
1149 2541 1174 2578 9
1217 2533 1379 2586 ἑτέρως
1417 2520 1760 2591 ἐσχημάτισται]
1795 2532 1875 2575 sed.

183 2592 303 2636 nihil
342 2593 436 2637 fere
476 2594 671 2637 interest
702 2594 824 2636 inter
856 2598 881 2637 8
915 2595 962 2637 et
996 2599 1175 2648 11.12,
1216 2595 1503 2650 quapropter
1533 2607 1600 2635 vv.
1636 2591 1747 2646 ἑτέρ
1782 2592 1872 2646 ἔσχ.

183 2655 292 2708 post
322 2651 659 2709 καταληκτικόν
692 2655 808 2726 (13)
817 2667 913 2709 pos.
938 2653 1129 2696 Wilam.
1162 2656 1177 2709 ΙΙ
1218 2657 1270 2695 12
1305 2651 1490 2708 οὐδάμα
1516 2653 1584 2705 A,
1617 2652 1802 2706 οὐδαμᾶ
1835 2653 1875 2705 I,

184 2709 287 2756 οὐδ’
319 2711 415 2767 ἅμα
442 2713 566 2756 ΜΗ
590 2714 604 2768 ΙΙ
640 2717 693 2755 14
719 2709 884 2756 σαΰλαι
918 2712 1134 2768 Micyllus
1168 2712 1271 2755 coll.
1300 2727 1344 2768 p.
1366 2715 1506 2765 37,19
1531 2714 1545 2767 ΙΙ
1572 2716 1625 2754 15
1659 2708 1875 2782 δίμετρον

184 2771 236 2814 τὸ
268 2771 403 2814 inser.
435 2771 700 2824 Mehlhorn3
734 2772 791 2815 cf.
825 2770 978 2815 Trich.
1006 2776 1106 2825 296,
1132 2777 1157 2814 2
1182 2773 1196 2827 ΙΙ
1224 2775 1276 2815 17
1311 2769 1687 2827 Πυθόμανδρον]
1720 2766 1876 2812 πυθό-

186 2845 279 2883 μαν
304 2831 354 2874 δὲ
380 2833 415 2874 Ι
437 2833 451 2886 Η
479 2835 531 2873 19
564 2833 763 2885 καθαρῶ
790 2832 848 2884 A,
881 2833 1106 2885 καθαρως
1139 2833 1172 2874 Ι
