2060 3168
215 174 322 226 248
667 174 977 216 ΓΕΩΡΓῙΟΤ
1008 175 1450 217 ΧΟΙΡΟΒΟΣΚΟΤ

214 309 315 377 οὐχ
355 308 497 362 οὕτω
538 315 812 379 καθαρῶς,
852 310 1005 377 φησί,
1045 309 1381 362 συντίθεται.
1413 341 1487 347 -—
1518 308 1630 382 (41,
1658 308 1750 381 11)
1788 305 1903 365 εἶτά

213 407 409 459 φησιν,
458 390 541 443 ὅτι
589 388 651 443 ἐν
697 400 814 452 ταῖς
866 391 1442 458 Θεσμοφοριαζούσαις
1487 393 1795 462 παρέλαβεν
1840 391 1902 446 ἐν

211 471 398 539 μέσοις
466 481 582 534 τοῖς
651 471 1028 542 τετραμε’τροις
1097 473 1404 540 κρητικούς.
1501 482 1727 542 προεῖπε
1796 475 1900 542 γὰρ

214 553 330 624 (40,
368 552 459 624 14)
515 554 587 616 ὡς
642 553 1063 622 ἐπιτηδεύουσιν
1117 550 1258 606 ἔνιοι
1312 563 1422 606 τῶν
1475 564 1720 622 ποιητῶν
1773 556 1903 617 τοὺς

170 636 463 703 επρώτους
524 634 902 702 καλουμένους
962 644 1206 696 παιῶνας
1266 636 1716 703 παραλαμβάνειν
1769 638 1902 704 μετὰ

211 724 323 768 τῶν
360 724 647 785 κρητικῶν.
709 714 798 768 καὶ
832 714 989 785 φέρει
1021 713 1133 784 (40,
1162 714 1254 787 12)
1286 716 1631 786 παράδειγμα
1661 718 1720 769 τὸ
1754 719 1901 786 Κρα-

214 799 371 850 τίνου
413 795 473 850 ἐν
519 799 825 868 Τροφωνίῳ
869 798 981 849 ἄνω
1024 796 1155 868 (222
1189 795 1279 868 Κ.)
1677 864 1679 867 .

359 901 514 960 χαῖρε
554 893 639 961 δή,
679 899 881 959 μοῦσα·
923 896 1115 962 χρονία
1155 893 1256 959 μὲν
1295 894 1461 961 ἥκεις,
1502 894 1646 962 ὅμως
1686 892 1734 946 δ’

360 971 528 1041 ἦλθες
569 974 636 1026 οὐ
676 975 809 1044 πρὶν
851 973 1057 1042 ἐλθεῖν,
1099 980 1221 1027 ἴσθι
1262 975 1449 1044 σαφές,
1491 973 1606 1028 ἀλλ’
1648 976 1805 1038 ὅπως.

147 1091 187 1123 10
212 1067 325 1122 ἐστι
381 1071 485 1138 γὰρ
543 1069 648 1123 ἀπὸ
697 1078 956 1138 κρητικοῦ
1004 1069 1094 1123 καὶ
1140 1081 1381 1133 παιῶνος
1426 1073 1649 1141 πρώτου
1695 1074 1901 1138 μικτόν.

213 1151 414 1220 ὁμοίως
455 1147 558 1204 οὖν
597 1152 687 1203 καὶ
726 1160 907 1220 τοῦτο,
957 1152 986 1204 ὅ
1027 1168 1201 1221 φησιν
1240 1152 1502 1221 ἐνταῦθα,
1543 1152 1604 1206 ἐν
1642 1163 1760 1216 ταῖς
1803 1157 1902 1206 Θε-

217 1234 718 1302 σμοφοριαζούσαις
759 1231 869 1304 (41,
898 1231 990 1304 11)

359 1324 491 1389 μήτε
531 1323 766 1384 Μούσας
807 1321 1102 1375 ἀνακαλεῖν
1143 1321 1636 1393 ἑλικοβοστρύχους

358 1405 491 1471 μήτε
532 1404 770 1472 Χάριτας
807 1405 948 1470 βοᾶν
987 1405 1064 1466 εἰς
1101 1405 1271 1473 χορὸν
1305 1404 1598 1472 Ὀλυμπίας

146 1504 186 1537 15
360 1483 564 1537 ἐνθάδε
606 1485 712 1553 γάρ
754 1487 895 1537 εἰσιν
936 1486 1007 1547 ὥς
1048 1500 1221 1555 φησιν
1262 1486 1289 1539 ὁ
1332 1488 1675 1549 διδάσκαλος.

325 1578 570 1651 (41,17)
620 1581 832 1645 (ιμμίαε
889 1581 934 1633 δ’
984 1583 1333 1646 ἐπετήδευεεν
1389 1584 1447 1636 ἕν
1501 1602 1597 1636 τιει
1653 1586 1901 1649 ποιήμαει

211 1663 336 1714 τοὺς
378 1663 655 1714 πλείετου(
695 1665 971 1727 κρητικοὺε
1011 1665 1449 1730 παραλαμβάνειν

361 1762 523 1822 μᾶτερ
565 1758 608 1810 ὧ
650 1759 846 1811 πότνια
887 1762 1048 1811 κλῦθι.

218 1853 411 1907 Ιστέον
460 1854 541 1906 ὅτι
593 1853 620 1906 ὁ
655 1849 814 1922 Ὦρός
855 1871 1052 1924 φησιν,
1101 1857 1173 1919 ὡς
1220 1856 1340 1909 ἀντὶ
1381 1864 1588 1925 μακρᾶς
1629 1855 1776 1909 ἐστιν
1818 1854 1902 1909 ἑν-
1936 1863 2057 1919 (198)

146 1956 187 1987 20
212 1941 394 1987 ταῦθα
427 1936 487 1987 τὸ
520 1937 556 1987 ἆ
588 1943 686 1988 τοῦ
719 1938 934 2004 πότνια,
970 1946 1158 2006 κοινῆς
1190 1938 1256 1990 ὃν
1289 1939 1582 2006 συλλαβῆς,
1615 1937 1699 1990 ὅτι
1733 1937 1900 2006 ἀπήρ-

212 2030 363 2069 τισεν
404 2018 481 2078 εἰς
520 2015 684 2086 μέρος
724 2019 910 2085 λόγου,
951 2018 1022 2080 ὡς
1060 2019 1120 2071 τὸ

361 2113 616 2179 Νέστορα
657 2112 708 2166 δ’
747 2114 847 2166 οὐκ
889 2118 1091 2167 ε’λαθεν
1131 2117 1254 2183 ἰαχή
1295 2113 1367 2184 (Ξ
1392 2114 1462 2185 1).

213 2208 348 2261 ἀλλὰ
395 2212 605 2277 μᾶλλον
653 2211 737 2261 δεῖ
782 2211 854 2277 μὴ
901 2211 1035 2262 κατὰ
1074 2218 1237 2263 τοῦτο
1279 2209 1459 2277 λέγειν
1499 2211 1632 2264 αὐτὸ
1674 2213 1899 2279 μακρόν,

213 2296 328 2350 ἀλλ’
370 2298 452 2350 ὅτι
500 2295 608 2366 ἔχει
660 2299 762 2350 δύο
812 2299 1086 2367 σύμφωνα
1134 2298 1527 2367 ἐπιφερόμενα,
1575 2300 1635 2351 τὸ
1685 2301 1750 2351 ἴιλ
1800 2307 1900 2351 τοῦ

148 2398 189 2430 25
215 2383 426 2431 κλῦθι.

333 2542 387 2580 20
421 2538 594 2581 schol.A
624 2543 719 2591 150,
739 2543 777 2581 8.
828 2539 883 2581 cf.
920 2539 1060 2583 schol.
1095 2540 1142 2581 in
1178 2539 1310 2582 Dion.
1338 2540 1443 2582 Thr.
1472 2544 1764 2594 209‚2‘2—‘26

334 2689 356 2727 3
390 2683 725 2743 τετραμετροις]
759 2685 1070 2742 παραμετροις
1105 2688 1148 2731 U
1175 2689 1180 2743 Ι
1210 2687 1426 2762 κρητικὸν
1459 2689 1544 2742 ΚΙΙ
1571 2692 1595 2730 5
1628 2687 1776 2762 μετὰ]
1794 2688 1898 2730 ἀντὶ

214 2757 413 2787 exeorxl
441 2745 509 2797 K3
544 2744 682 2787 ef.10
729 2747 742 2800 ΙΙ
790 2746 1110 2803 ϋτὸΙτοῦζ
1150 2748 1164 2801 ΙΙ
1210 2746 1482 2789 ῗᾶνωοῐῑι.
1511 2748 1564 2790 Κ
1606 2749 1618 2802 ΙΙ
1668 2743 1855 2790 9οὗζ
1882 2751 1895 2804 ΙΙ

216 2808 269 2845 13
305 2803 443 2846 ἔλικοι
476 2803 755 2877 βοστρύχους
787 2804 827 2847 U
864 2807 876 2859 ΙΙ
918 2810 972 2847 14
1006 2804 1051 2854 ἐς
1084 2806 1135 2848 Κ
1174 2807 1179 2860 Ι
1223 2803 1452 2859 ὀλυμπίαν
1489 2807 1532 2849 U
1555 2807 1588 2868 ΙΙ
1603 2810 1654 2847 17
1688 2809 1898 2861 παραλα-

215 2862 311 2917 βεῖν
347 2863 397 2904 Κ
419 2864 431 2915 ΙΙ
459 2867 510 2904 18
545 2869 684 2917 μᾶτερ
719 2858 772 2918 ὦ]
810 2862 954 2918 μέτρω
989 2865 1074 2919 ΚΙΙ
1103 2869 1153 2905 19
1189 2863 1211 2906 ὁ
1247 2878 1331 2906 om.
1361 2865 1404 2907 L
1426 2867 1430 2919 Ι
1459 2864 1538 2921 ὡς]
1574 2861 1641 2907 ὅτι
1677 2866 1745 2921 ΠΙ
1775 2866 1897 2909 ἐστιν

214 2934 299 2962 om.
329 2921 413 2975 ΚΙΙ
439 2925 493 2962 24
526 2922 627 2978 τοῐ]
660 2921 710 2964 τὸ
745 2923 800 2965 Κ
