2060 3168
172 1041 214 1072 10

170 1447 211 1479 15

171 1853 214 1886 20

235 152 345 204 200
607 141 611 148 “
692 155 1001 197 ΓΕῼΡΓΙΟΤ
1032 153 1473 196 ΧοΙΡοΒοΣΚοΤ

235 289 352 355 <H
383 289 509 356 καὶ>
532 290 593 342 τὸ
631 291 715 342 πῖ
750 289 1154 353 διπλασιάζεται
1179 289 1239 340 τὸ
1272 286 1502 354 κε’κτηκα
1535 285 1624 339 καὶ
1657 285 1929 354 πέπτωκα,

237 371 288 421 ει’
323 371 395 438 μὴ
436 371 542 438 ἄρα
579 371 715 422 κατὰ
755 371 1040 438 συγκοπὴν
1079 369 1326 437 γέγονεν,
1367 369 1438 430 ὡς
1479 367 1538 420 ἐν
1569 375 1643 440 τῷ
1677 369 1802 437 περὶ
1837 368 1929 437 ῥη-

235 451 423 518 μάτων
472 449 710 519 ἐδείχθη.
758 482 831 488 —
883 449 1024 519 Περὶ
1071 451 1133 503 δὲ
1173 459 1283 502 τῶν
1324 449 1740 518 ἀμεταβόλων
1779 447 1932 502 ἔστιν

237 533 430 598 εἰπεῖν,
471 533 562 584 διὰ
602 534 657 584 τί
693 533 765 600 μὴ
805 533 869 584 τὰ
910 533 1012 584 δύο
1049 532 1192 601 ὑγρὰ
1226 531 1500 599 ὀλισθηρὰ
1533 532 1666 583 ὄντα
1705 538 1930 584 ποιοῦσι

238 616 457 682 κοινήν,
506 613 590 666 ὅτι
640 612 846 681 μήποτ’
886 613 1139 713 ebkdymg.
1196 613 1283 664 οὐ
1325 620 1596 664 τοσοῦτον
1634 614 1737 680 γάρ
1779 611 1932 667 ἐστιν

240 694 513 763 ὀλισθηρὰ
567 695 633 746 τὰ
686 692 745 762 β’
801 695 944 762 ὑγρὰ
992 716 1024 762 η
1076 694 1212 746 ὅσον
1259 694 1436 762 ὑγρὸν
1475 693 1563 745 καὶ
1613 693 1803 762 ξηρόν,
1859 695 1931 756 ὡς

243 776 403 843 ἡνίκα
451 774 565 828 ἐστὶ
613 776 674 827 τὸ
722 775 898 844 ὑγρὸν
945 775 1222 842 κάτωθεν,
1270 775 1330 826 τὸ
1380 771 1438 826 δε
1487 773 1655 842 ξηρὸν
1694 774 1930 827 ἄνωθεν.

240 860 363 909 οἱον
403 859 515 909 ε’στι
557 859 747 924 λαβεῖν
787 851 1131 924 παράδειγμα
1172 854 1260 908 ἐπὶ
1299 863 1398 908 τοῦ
1434 856 1676 924 λεπύρου
1710 863 1808 909 τοῦ
1839 855 1932 908 πέ-

237 955 454 1000 πονος
494 938 577 990 ὅτι
639 937 736 990 ἐὰν
793 936 986 990 ἑστῶσι
1051 937 1153 990 δύο
1207 937 1352 1006 ὑγρὰ
1418 935 1508 989 καὶ
1565 938 1787 990 άνωθεν
1840 935 1932 990 καὶ

239 1019 491 1071 κάτωθεν
538 1020 627 1071 καὶ
678 1021 890 1089 πατήσῃ
939 1039 1022 1081 τις
1077 1019 1239 1087 αὐτά,
1293 1019 1394 1071 οὐκ
1442 1017 1752 1071 ὀλισθαίνει
1800 1014 1932 1070 οὐδὲ

235 1102 435 1152 πίπτει.
522 1100 781 1162 ὡσαύτως
827 1099 917 1153 καὶ
965 1098 1062 1153 ἐὰν
1116 1102 1370 1153 κάτωθεν
1416 1093 1449 1168 ᾗ
1499 1100 1562 1152 τὸ
1619 1098 1785 1168 ξηρὸν
1831 1107 1932 1151 τοῦ

237 1182 498 1251 λεπύρου,
537 1182 598 1234 τὸ
641 1182 701 1234 δὲ
740 1182 916 1251 ὑγρὸν
948 1183 1184 1234 ἄνωθεν.
1249 1183 1299 1234 εἰ
1337 1178 1396 1234 δὲ
1436 1181 1768 1234 τούναντίον
1807 1181 1931 1233 κάτ-

238 1261 388 1315 ωθέν
436 1262 550 1315 ἐστι
596 1265 656 1315 τὸ
707 1263 908 1333 ὑγρόν,
961 1260 1283 1332 ἄνωθεν-δὲ
1323 1264 1384 1315 τὸ
1427 1262 1594 1333 ξηρὸν
1633 1261 1724 1314 καὶ
1763 1265 1931 1330 πατή-

237 1358 319 1396 σει
366 1365 447 1406 τις
497 1345 656 1412 αὐτό,
710 1345 944 1415 εὐχερῶς
991 1345 1300 1398 ὀλισθαίνει
1347 1343 1439 1397 καὶ
1477 1347 1676 1396 πίπτει.
1755 1343 1931 1404 οὕτως

239 1421 343 1477 οὖν
382 1425 472 1477 καὶ
513 1423 760 1478 ἐνταῦθα
799 1424 986 1494 ἐπειδὴ
1028 1425 1251 1478 ἄνωθέν
1291 1425 1406 1478 ε’στι
1448 1426 1508 1478 τὸ
1550 1424 1717 1494 ξηρὸν
1759 1425 1931 1478 οἱονεὶ

239 1507 298 1559 τὸ
340 1508 594 1575 ἄφωνον,
646 1508 900 1560 κάτωθεν
940 1505 999 1560 δὲ
1040 1508 1100 1560 τὸ
1140 1507 1317 1576 ὑγρὸν
1357 1507 1527 1560 οἱονεὶ
1567 1508 1628 1559 τὸ
1671 1506 1932 1574 ἀμετάβο-

241 1592 356 1655 λον,
398 1587 639 1655 εὐλόγως
679 1590 889 1656 γίνεται
929 1588 1204 1657 ὀλισθηρὰ
1246 1589 1278 1656 ἡ
1321 1590 1478 1658 φωνὴ
1518 1589 1606 1640 καὶ
1646 1597 1794 1641 ποιεῖ
1831 1589 1933 1656 τὴν

238 1671 446 1736 κοινήν.
511 1671 779 1722 λανθάνει
819 1671 924 1738 γὰρ
959 1670 991 1738 ἡ
1023 1671 1203 1739 μακρὰ
1243 1669 1647 1722 ὀλισθαίνουσα
1678 1671 1766 1722 καὶ
1801 1684 1932 1722 συν-

241 1753 416 1817 τόμως
455 1751 849 1821 παρερχομένη.
884 1783 952 1788 —
981 1748 1181 1814 Ἄλλως
1221 1771 1278 1804 τε
1319 1748 1450 1804 οὐδὲ
1489 1748 1605 1803 ἔστι
1647 1752 1749 1803 δύο
1789 1751 1934 1819 ὑγρὰ

240 1830 300 1884 ἐν
341 1834 632 1900 συλλήψει,
681 1834 728 1884 εἰ
775 1834 846 1900 μὴ
887 1835 1063 1899 μόνον
1102 1835 1163 1886 τὸ
1202 1837 1240 1902 μ
1280 1841 1379 1886 τοῦ
1418 1835 1454 1885 ν
1492 1832 1932 1900 προηγούμενον,

239 1913 374 1981 ἅπερ
432 1914 520 1965 καὶ
567 1910 726 1966 ἔστιν
781 1914 967 1983 εὑρεῖν
1018 1915 1090 1977 ὡς
1138 1913 1507 1983 ἀσθενέστερα
1554 1914 1817 1975 πολλάκις
1862 1919 1938 1986 τῷ

362 2064 383 2100 1
420 2057 577 2102 Choer.
605 2058 654 2101 in
679 2058 852 2103 Theod.
881 2059 993 2102 GGr
1016 2060 1079 2104 IV
1097 2065 1121 2102 2
1147 2075 1191 2116 p.
1215 2064 1323 2113 79,4
1348 2061 1362 2116 ΙΙ
1388 2065 1411 2102 3
1448 2058 1621 2103 schol.A
1647 2063 1745 2113 102,
1767 2064 1819 2103 13
1831 2074 1930 2115 sqq.

241 2117 382 2160 schol.
417 2118 465 2160 in
498 2117 631 2161 Dion.
659 2118 765 2161 Thr.
794 2123 893 2174 204,
914 2123 1072 2162 9--19,
1120 2118 1236 2162 Mar.
1254 2119 1376 2162 Viot.
1405 2117 1487 2162 GL
1513 2117 1575 2160 VI
1600 2122 1670 2172 38,
1689 2123 1832 2161 9-22

362 2255 381 2292 1
420 2267 472 2292 κτ
507 2251 585 2294 καὶ
623 2265 752 2306 prop.
788 2251 932 2294 Hoers
937 2253 1007 2294 ch.
1063 2253 1076 2308 ΙΙ
1132 2258 1156 2293 2
1198 2251 1435 2308 συγκοπὴν
1468 2250 1679 2305 εἴπωσιν,
1726 2248 1932 2308 ἐδείχθει

240 2310 324 2352 σὺν
366 2312 464 2352 θεῶ
512 2310 559 2353 ἐν
604 2318 665 2352 τω
710 2311 814 2364 περὶ
861 2308 1076 2378 ῥημάτων
1114 2312 1167 2354 K
1216 2315 1229 2366 ΙΙ
1283 2318 1309 2354 4
1354 2311 1434 2368 μὴ]
1475 2312 1553 2354 καὶ
1594 2311 1638 2354 U
1685 2312 1699 2366 ΙΙ
1755 2316 1780 2354 5
1824 2311 1932 2354 ἀλό-

239 2385 329 2424 γως
362 2369 415 2411 K
456 2371 470 2424 ΙΙ
517 2374 541 2412 6
577 2366 685 2412 ὅσον
717 2370 998 2425 transposui,
1031 2371 1079 2412 in
1113 2371 1157 2414 U
1182 2372 1289 2426 post
1320 2371 1395 2425 ὡς,
1427 2371 1476 2412 111
1509 2371 1564 2413 K
1591 2370 1721 2414 deest:
1747 2372 1776 2443 Ι
1831 2370 1931 2428 καὶ]

239 2425 266 2481 ἢ
301 2427 354 2470 K
400 2431 405 2484 Ι
449 2428 509 2477 ὡς
541 2442 627 2470 0.m
656 2429 710 2471 K
751 2430 764 2484 ΙΙ
805 2433 829 2470 8
862 2429 1061 2483 λεπύρου
1095 2429 1329 2483 Ηοθτεοὴ,
1362 2429 1532 2472 λεπύου
1566 2430 1628 2482 Κ,
1661 2426 1815 2486 χετίου
1850 2430 1932 2487 UH

242 2491 265 2528 9
301 2485 478 2544 ἑστῶσι]
514 2482 596 2530 ὦσι
631 2488 674 2531 U
701 2488 715 2543 ΙΙ
749 2491 803 2529 10
835 2488 986 2530 καὶ-
1008 2487 1126 2531 αὐτὰ
1158 2489 1328 2532 0111.Κ
1365 2490 1370 2544 Ι
1416 2488 1523 2531 οὐδὲ
1556 2487 1790 2539 ΗΟΘΓΒΟἈἿ
1826 2488 1931 2532 οὔτε

242 2545 371 2587 codd.
429 2547 443 2602 ΙΙ
499 2550 550 2587 11
586 2546 802 2595 ὡσαύτως
834 2547 1019 2602 scripsi,
1053 2546 1196 2597 οὕτως
1229 2547 1360 2591 codd.
1421 2550 1426 2603 Ι
1483 2548 1562 2590 καὶ
1596 2560 1736 2602 supra
1767 2522 1847 2590 sin
1877 2547 1931 2600 Κ,

242 2618 328 2647 0111.
364 2605 408 2648 U
436 2607 441 2660 Ι
470 2604 686 2648 κάτωθεν
717 2600 767 2662 ᾗ]
801 2604 991 2650 ἄνωθεν
1024 2605 1117 2649 ἐστὶ
1151 2607 1235 2663 ΚΙΙ
1264 2612 1316 2650 12
1349 2606 1520 2650 λεπύου
1554 2607 1615 2659 Κ,
1649 2608 1814 2649 λεπτοῦ
1851 2607 1927 2662 ΠΙ

242 2663 359 2705 τὸ-
370 2662 558 2707 ἄνωθεν
585 2678 670 2706 0111.
698 2665 767 2719 ΠΙ
796 2663 985 2707 άνωθεν
1005 2665 1309 2719 Schoemann,
1335 2664 1550 2709 κάτωθεν
1569 2664 1795 2723 K1112l13
1822 2664 1930 2707 κάτ-

243 2719 369 2765 ωθέν
403 2722 515 2780 ἐστι]
545 2726 759 2766 κάτωθεν
786 2717 810 2778 ἦ
848 2725 898 2777 U,
932 2723 1121 2768 άνωθεν
1148 2725 1240 2768 ἐστὶ
1266 2701 1319 2767 Κ
1342 2725 1347 2782 Ι
1377 2723 1584 2781 ἄνωθεν]
1611 2700 1825 2767 κάτωθεν
1852 2724 1906 2766 Κ
1917 2723 1931 2781 ΙΙ

246 2786 298 2822 14
332 2781 443 2824 αὐτὸ
478 2795 565 2825 om.
594 2782 646 2824 Κ
687 2784 700 2837 ΙΙ
750 2787 803 2825 15
838 2782 1044 2840 ἄνωθεν]
1087 2782 1303 2827 κάτωθεν
1336 2785 1389 2826 Κ
1429 2785 1443 2839 ΙΙ
1493 2788 1544 2825 16
1578 2781 1814 2840 κάτωθεν]
1847 2781 1930 2825 άν-

244 2842 369 2882 ωθεν
402 2841 487 2895 ΚΙΙ
515 2845 567 2883 18
602 2840 688 2897 γὰρ
723 2842 922 2897 0111.ΠΙΙ
949 2845 1001 2884 19
1034 2841 1326 2915 παρεχομένη
1363 2843 1413 2897 U,
1446 2842 1494 2884 in
1528 2841 1581 2884 K
1607 2857 1655 2895 ερ
1690 2855 1745 2884 ex
1778 2854 1889 2884 corr.
1922 2843 1927 2898 Ι

243 2898 309 2955 τε]
342 2914 387 2941 τε
422 2898 472 2942 δὲ
508 2901 576 2953 ΠΙ
606 2899 716 2957 ἐστι]
750 2900 834 2943 εἰσι
869 2901 922 2942 Κ
940 2903 954 2955 ΙΙ
979 2904 1034 2942 20
1068 2899 1211 2956 μόνον
1245 2916 1331 2944 om.
1360 2903 1410 2944 Κ
1435 2903 1440 2957 Ι
1469 2900 1520 2944 τὸ
1554 2917 1579 2943 ν
1611 2906 1693 2943 τοῦ
1726 2917 1757 2955 μ
1790 2901 1835 2945 U

1989 0 2043 37 ..³1

1963 1351 2020 1390 49

2040 184 2060 274 Ι,
