2090 3158
121 1049 163 1080 10

119 1456 158 1487 15

117 1863 158 1894 20

197 159 300 211 126
886 163 1119 204 ΣΧΟΛΙΑ
1150 163 1189 203 A

304 297 357 348 οἱ
395 295 497 363 μὲν
537 297 694 349 ἄλλοι
734 297 935 364 σχεδὸν
974 296 1172 358 πάντες
1219 297 1464 366 μετρικοὶ
1503 296 1608 350 ἀπὸ
1648 306 1747 350 τοῦ
1789 299 1882 351 δα-
1917 309 2000 350 162

190 381 452 430 κτυλικοῦ
493 392 665 446 φασιν
704 378 972 446 ἄρχεσθαι
1011 375 1100 429 καὶ
1140 378 1304 446 τιμὴν
1342 379 1548 447 ταύτην
1587 378 1884 449 ἀπονέμειν

189 465 263 531 τῷ
297 457 475 529 μέτρῳ
515 457 605 511 καὶ
645 467 719 531 τῷ
752 460 813 512 τὸ
854 457 1055 527 μέτρον
1097 458 1340 528 εὑρόντι·
1382 459 1410 512 ὁ
1452 457 1513 512 δὲ
1545 458 1635 512 ἀπ’
1668 459 1881 515 ἐλάττο-

190 560 287 602 νος
341 539 643 608 ἀρξάμενος
684 538 1028 608 τΗφαιστίων
1083 539 1187 592 ἀπὸ
1241 544 1510 610 τρισήμου
1561 543 1659 594 τὸν
1714 544 1881 610 λόγον

190 629 426 674 ποιεῖται
464 623 746 689 δυαδικῆς,
788 621 1039 674 ἐπελθὼν
1073 621 1133 673 δὲ
1165 620 1253 674 ἐπὶ
1285 623 1386 691 τὴν
1417 623 1755 692 τετράσημον
1787 632 1881 693 τῆς

188 705 528 771 τετρασήμου
555 712 774 770 πρῶτον
791 703 1003 756 τέθεικε
1020 703 1153 772 <τὸ>
1173 705 1517 757 δακτυλικόν.
1535 736 1608 741 —
1627 705 1880 757 δακτυλι-

191 792 291 837 κοῦ
320 785 379 837 δὲ
406 786 523 853 εἴδη
549 785 650 853 μὲν
674 787 905 837 πλείονα
922 785 1012 837 καὶ
1030 794 1142 838 τῶν
1165 787 1440 838 πλειόνων
1463 791 1719 854 μεγεθῶν
1743 785 1879 839 ἐπώ-

187 882 354 932 νυμα·
384 866 444 918 τὸ
472 863 532 917 δὲ
558 863 917 928 ἐνδοξότατον
944 867 1003 918 ἐν
1028 866 1216 929 αὐτοῖς
1240 866 1472 936 ὑπάρχει
1497 868 1558 920 τὸ
1586 866 1879 937 ἑξάμετρον

188 949 603 1015 καταληκτικόν·
655 945 744 999 καὶ
799 948 891 1000 διὰ
937 955 1100 1000 τοῦτο
1149 945 1300 1017 οἶμαι
1347 947 1438 1001 καὶ
1484 949 1666 1021 ἡρῷον
1712 962 1879 1018 προσέ

188 1029 522 1098 αγορεύεται.
581 1030 613 1080 δ
624 1029 979 1081 ακτυλικὸν
1011 1030 1113 1098 μὲν
1146 1025 1249 1082 οὗν
1281 1031 1342 1083 τὸ
1376 1029 1536 1098 γένος
1567 1031 1878 1099 ὠνόμασται

186 1110 274 1162 καὶ
315 1111 376 1163 τὸ
419 1109 835 1162 ἀναπαιστικόν·
874 1118 986 1163 πᾶν
1025 1112 1130 1210 γὰρ
1167 1112 1227 1164 τὸ
1261 1110 1322 1164 ἐν
1362 1111 1461 1183 ἴσῳ
1502 1114 1645 1183 λόγῳ
1681 1113 1877 1165 δάκτυ-

187 1195 286 1243 λον
325 1196 592 1244 καλοῦσιν
633 1193 685 1244 οἱ
719 1191 998 1260 ρυθμικοί.
1077 1192 1256 1262 ὥσπερ
1298 1213 1401 1260 γαρ
1435 1194 1500 1245 τα
1540 1193 1708 1263 μέτρα
1741 1194 1877 1246 ὠνό-

185 1287 384 1341 μασται
415 1272 596 1341 <άπὸ>
630 1281 729 1325 τοῦ
764 1274 1029 1342 σώματος,
1072 1273 1214 1326 ούτω
1255 1294 1345 1326 και
1385 1294 1450 1326 τα
1491 1274 1706 1344 [μετρα]
1740 1275 1876 1327 αὐτὰ

184 1361 446 1406 ποιοῦσιν
478 1353 741 1423 ἐπώνυμα
773 1349 914 1407 εἶναι
947 1355 1294 1423 κρουμάτων·
1332 1354 1446 1408 ἐπει
1481 1360 1584 1408 οὐν
1615 1356 1706 1408 καὶ
1737 1357 1876 1418 πούς

184 1455 265 1496 τις
289 1439 531 1488 καλεῖται
558 1456 644 1488 και
670 1437 846 1504 βάσις,
872 1436 960 1488 καὶ
988 1437 1258 1498 δάκτυλος
1283 1437 1694 1506 ὠνόμασταιμ-
1725 1438 1876 1500 ἰδίως

184 1513 244 1568 δὲ
284 1515 344 1569 ἐν
385 1517 531 1589 αὐτῷ
563 1524 727 1570 τοῦτο
768 1518 980 1589 ἡρῷον
1019 1519 1488 1586 προσαγορεύεται
1529 1518 1602 1581 ὡς
1640 1527 1751 1571 τῶν
1783 1519 1874 1570 ἄλ-

184 1602 297 1650 λων
351 1600 622 1667 πρότερον
675 1597 707 1666 ἢ
764 1598 1148 1668 ἀρχαιότερον,
1202 1601 1346 1652 καθὸ
1402 1600 1492 1652 καὶ
1547 1601 1730 1669 ἥρωας
1783 1620 1876 1652 κα-

185 1683 389 1748 λοῦμεν
443 1682 573 1742 τοὺς
627 1688 722 1748 τῆς
778 1679 1039 1748 γενέσεως
1093 1683 1471 1749 προλαβόντας
1525 1683 1626 1750 τὴν
1681 1682 1874 1750 τύχην·

182 1758 322 1813 ἔνιοι
370 1760 435 1813 δέ
479 1778 675 1830 φασιν,
724 1761 840 1814 ἐπεὶ
887 1763 953 1814 τὰ
1001 1763 1207 1831 ἡρωϊκα
1247 1764 1552 1832 διηγήματα
1590 1764 1764 1835 τούτῳ
1805 1769 1880 1835 τῷ

183 1841 359 1911 μέτρῳ
415 1852 836 1912 καταμετρεῖται.
922 1844 1118 1912 δεῖγμα
1173 1841 1233 1896 δὲ
1287 1844 1319 1912 ἡ
1364 1842 1601 1913 Ὁμήρου
1656 1846 1875 1912 ποίησις

184 1924 271 1975 καὶ
313 1923 578 1976 τΗσιόδου
628 1925 717 1977 καὶ
767 1925 794 1978 ὁ
844 1925 1065 1986 Κύκλος
1112 1933 1228 1986 πᾶς.
1307 1925 1367 1977 τὸ
1418 1922 1478 1978 δὲ
1529 1924 1764 1993 μέγεθος
1812 1926 1871 1978 τὸ

304 2082 325 2120 1
362 2076 546 2119 Servius
580 2077 667 2120 GL
693 2077 756 2121 IV
772 2083 873 2131 457,
893 2083 948 2121 20
963 2093 1062 2134 sqq.
1087 2079 1102 2135 ΙΙ
1129 2083 1182 2122 10
1215 2078 1272 2121 cf.
1298 2079 1375 2122 Ar
1403 2078 1557 2131 Quint
1586 2083 1654 2131 24,
1675 2083 1713 2123 2
1754 2078 1870 2123 Mar

182 2134 302 2179 Viot.
332 2135 413 2179 GL
439 2135 502 2178 VI
526 2141 596 2190 42,
616 2141 654 2181 8.
706 2137 846 2181 schol.
875 2138 1014 2181 Arist.
1041 2137 1161 2181 Nub
1191 2143 1273 2181 651
1302 2137 1424 2194 (RV)

304 2267 323 2303 1
359 2263 466 2316 post
498 2263 702 2318 μετρικοὶ
734 2263 839 2307 add.
869 2261 980 2332 όπερ
1015 2264 1190 2320 ἔφημεν
1215 2265 1281 2321 ΙΙΙ
1306 2269 1331 2307 3
1364 2264 1444 2307 καὶ
1467 2265 1508 2318 Ι,
1540 2261 1568 2318 ἢ
1593 2265 1638 2307 A
1662 2266 1675 2320 ΙΙ
1701 2269 1725 2307 5
1753 2267 1867 2308 δυα-

182 2321 332 2377 δικῆς]
368 2322 644 2377 ὃακτυλικῆς
675 2323 708 2364 Ι
741 2324 747 2378 Ι
781 2328 863 2377 τῆς
895 2323 1073 2379 scripsi,
1105 2330 1187 2366 τοῦ
1220 2325 1310 2367 ΑΙ
1337 2325 1351 2380 Η
1383 2328 1407 2366 6
1440 2322 1492 2366 τὸ
1525 2323 1609 2366 ins.
1636 2323 1821 2366 Wilam.
1859 2326 1865 2376 Ι

183 2384 370 2432 6—127,
390 2384 414 2422 3
455 2380 505 2423 111
536 2382 584 2424 D
623 2395 717 2424 non
749 2381 839 2424 nisi
879 2381 995 2426 haec
1028 2384 1307 2426 ὃακτυλικοῦ
1341 2381 1440 2439 εἴδη
1479 2380 1692 2426 πλείονα·
1726 2382 1776 2426 τὸ
1818 2381 1870 2426 δὲ

182 2436 486 2490 ἐνδοξότατον
528 2439 777 2495 ἑξάμετρον
816 2440 1173 2497 καταληκτικόν·
1215 2449 1310 2485 πᾶν
1351 2441 1438 2498 γὰρ
1470 2441 1521 2485 τὸ
1556 2441 1605 2485 ἐν
1638 2441 1720 2499 ἴσῳ
1750 2440 1869 2514 λόγῳ

181 2497 410 2542 δάκτυλον
442 2502 661 2542 καλοῦσιν
694 2498 739 2542 οἱ
771 2496 995 2556 ρυθμικοί
1025 2503 1039 2556 ΙΙ
1073 2505 1126 2543 10
1160 2499 1293 2556 γένος
1323 2503 1365 2554 Ι,
1397 2517 1446 2557 γε
1480 2504 1626 2544 κῶλον
1657 2502 1717 2554 A,
1749 2517 1868 2543 κατα

179 2557 231 2600 τὸ
263 2556 397 2612 γένος
429 2557 571 2611 Caes„
603 2559 655 2601 τὸ
689 2557 821 2615 γένος
852 2558 1063 2603 καθόλον
1098 2560 1404 2603 Stadtmuller
1441 2562 1454 2615 ΙΙ
1495 2565 1547 2602 11
1582 2573 1665 2615 pro
1697 2560 1778 2603 καὶ
1812 2559 1864 2602 τὸ

181 2616 519 2660 ἀναπαιστικόν
551 2617 600 2659 in
626 2618 670 2660 A
696 2619 766 2660 est
789 2617 958 2661 lacuna
983 2618 1078 2662 fere
1106 2624 1173 2673 11,
1206 2619 1253 2661 in
1281 2620 1334 2662 K
1361 2619 1456 2662 fere
1484 2623 1537 2661 17
1570 2619 1861 2661 litterarum
1859 2649 1861 2674 ‚

179 2674 334 2718 πάντα
367 2675 453 2732 γὰρ
485 2676 567 2720 τὸν
602 2676 650 2719 ἐν
684 2675 764 2735 ἴσῳ
797 2674 933 2732 λόγον
958 2679 1047 2721 ΑΙ
1070 2680 1083 2733 ΙΙ
1118 2683 1171 2720 13
1204 2678 1297 2721 ἀπὸ
1332 2678 1507 2730 addidi,
1543 2676 1867 2733 ἐπωνόμασται

179 2740 260 2776 τοῦ
294 2748 330 2777 σ.
365 2734 437 2777 vel
470 2734 733 2791 ὠνόμασται
765 2735 838 2779 ἐπὶ
871 2743 952 2779 τοῦ
979 2751 1015 2779 σ.
1044 2736 1169 2780 Caes.
1202 2742 1206 2792 Ι
1235 2736 1376 2792 μετρὰ
1409 2736 1573 2790 delevi,
1606 2735 1725 2779 αὐτὰ
1749 2737 1865 2778 tem-

179 2792 322 2848 ptavi,
358 2794 491 2836 αὐτοὶ
523 2796 581 2847 A,
616 2794 774 2843 αὐτοῖς
806 2797 840 2838 Ι
878 2797 883 2850 Ι
926 2802 1142 2839 ποιοῦσιν
1175 2796 1233 2847 A,
1268 2795 1419 2840 ἐδόκει
1451 2797 1485 2838 Ι
1515 2797 1529 2851 Η
1570 2799 1623 2838 16
1659 2795 1707 2838 ἐν
1740 2795 1863 2838 αὐτῶ

180 2853 358 2907 0111111
385 2856 437 2894 19
472 2852 733 2927 διηγήματα
767 2854 823 2903 Α,
855 2861 947 2898 τῶν
980 2855 1324 2910 διηγηματικῶν
1356 2856 1499 2911 11121
1528 2851 1743 2904 Ησίοδος
1775 2855 1820 2897 A
1855 2857 1861 2910 Ι

179 2908 376 2966 μέγεθος
408 2911 479 2968 τὸ]
512 2911 676 2967 μέτρον
708 2912 759 2956 τὸ
791 2913 850 2966 A,
883 2911 1080 2969 μέγεθος
1109 2914 1160 2958 τὸ
1194 2913 1440 2970 ἑξάμετρον
1471 2911 1596 2956 Caes.
