2060 3168
75 2110 130 2149 22

598 173 696 214 XV.
722 172 828 213 XVI
858 171 1003 212 ΠΕΡΙ
1034 171 1426 213 ΣΤΝΙΖΗΣΕΩΣ
1748 169 1853 222 287

285 304 330 356 1.
393 307 516 359 Δύο
570 303 672 374 μὲν
724 315 949 375 μακρῶν
1005 306 1081 368 εἰς
1126 307 1259 374 μίαν
1304 306 1518 375 μακρὰν
1564 306 1637 368 ὡς
1683 304 1744 358 ἐν
1789 313 1863 378 τῷ

169 385 246 458 (Ε
273 384 406 457 349)

315 467 348 536 ἢ
390 469 491 538 οὐχ
532 470 652 532 ἅλις
692 470 807 523 ὅττι
846 478 1113 538 γυναῖκας
1152 468 1448 531 ἀνάλκιδας
1479 469 1857 537 ἠπεροπεύεις·

168 549 413 603 ἐνταῦθα
467 552 571 618 γὰρ
627 552 716 604 καὶ
762 552 824 604 τὸ
871 570 903 618 η
952 548 1041 603 καὶ
1090 551 1150 602 τὸ
1199 570 1293 618 ου,
1349 549 1633 619 ἀμφότερα
1677 551 1857 617 μακρὰ

0 640 134 695 ·122)
166 634 315 699 ὄντα,
357 633 434 695 εἰς
471 634 604 699 μίαν
643 633 927 700 συλλαβὴν
965 633 1180 702 μακρὰν
1219 633 1677 698 καταλογίζονται.
1903 649 1921 682 5

277 714 325 766 2.
389 715 511 766 Δύο
559 715 620 767 δὲ
666 716 939 782 βραχειῶν
986 714 1064 776 εἰς
1117 715 1250 782 μίαν
1298 714 1515 781 μακρὰν
1562 714 1635 776 ὡς
1680 711 1742 766 ἐν
1787 721 1862 786 τῷ

165 793 245 867 (Γ
268 793 401 866 237)

313 877 573 945 Κάστορά
611 875 671 930 θ’
711 878 1025 946 ἱππόδαμον
1062 877 1151 929 καὶ
1190 875 1295 940 πὺξ
1338 876 1556 946 ἀγαθὸν
1598 881 1782 930 Πολυ-

1231 958 1444 1026 δεύκεα,

162 1049 258 1110 τῆς
282 1060 342 1094 κε
374 1041 464 1093 καὶ
489 1061 522 1092 α
547 1043 839 1108 συλλαβῆς,
871 1038 962 1093 καὶ
996 1038 1323 1108 ἀμφοτέρων
1353 1042 1627 1109 βραχειῶν
1651 1041 1853 1107 οὐσῶν,
1880 1057 1922 1090 10

163 1124 239 1186 εἰς
284 1124 417 1191 μίαν
463 1123 679 1190 μακρὰν
727 1121 1197 1190 συναιρουμένων.
1273 1129 1437 1174 τοῦτο
1486 1121 1550 1174 δέ
1593 1141 1740 1185 τινες
1787 1123 1854 1176 οὔ

165 1219 338 1274 φασιν
386 1197 528 1256 εἶναι
576 1206 861 1272 συνίζησιν
908 1203 1045 1257 ἀλλὰ
1099 1204 1358 1256 διάλυσιν
1403 1211 1498 1271 τῆς
1543 1207 1855 1266 τελευταίας

169 1293 271 1339 τοῦ
311 1287 610 1339 σπονδείου
650 1294 877 1354 μακρᾶς.

277 1368 326 1420 3.
386 1364 464 1419 Ἢ
512 1376 623 1420 τῶν
677 1369 860 1421 αὐτῶν
915 1369 991 1430 εἰς
1044 1369 1175 1434 μίαν
1229 1369 1491 1436 βραχεῖαν
1546 1367 1618 1429 ὡς
1671 1365 1732 1419 ἐν
1785 1373 1859 1439 τῷ

165 1447 385 1520 (Praxil.
414 1447 468 1519 1)
1879 1465 1919 1497 ιε

313 1530 450 1583 ἀλλὰ
485 1533 610 1584 τεὸν
642 1531 842 1583 οὔποτε
872 1531 1063 1599 θυμὸν
1094 1529 1176 1583 ἑνὶ
1210 1533 1510 1599 στήθεσσιν
1541 1528 1785 1583 ἔπειθεν·

165 1612 410 1666 ἐνταῦθα
456 1613 560 1679 γὰρ
609 1613 641 1680 ἡ
682 1631 739 1664 τε
782 1612 872 1665 καὶ
913 1632 980 1664 ον
1020 1613 1264 1680 συλλαβὴ
1307 1613 1383 1674 εἰς
1421 1615 1554 1681 μιάν
1593 1614 1855 1682 βραχεῖαν

164 1695 571 1758 συνιζάνονται·
611 1694 754 1756 τινὲς
795 1694 855 1746 δὲ
893 1697 1104 1760 μᾶλλον
1143 1695 1245 1763 τὴν
1276 1714 1343 1746 ον
1381 1692 1470 1746 καὶ
1513 1713 1580 1746 ου
1613 1695 1692 1755 εἰς
1721 1695 1854 1760 μίαν

161 1777 376 1845 μακρὰν
415 1776 880 1844 συλλαμβάνουσι.

273 1858 322 1909 4.
386 1859 654 1927 Βραχείας
702 1858 762 1910 δὲ
809 1856 898 1909 καὶ
945 1866 1155 1925 μακρᾶς
1202 1859 1279 1920 εἰς
1325 1859 1456 1924 μίαν
1495 1857 1735 1926 μακράν,
1782 1856 1854 1918 ὡς
1878 1875 1920 1907 20

162 1936 271 2008 ἔχει
311 1958 367 1992 τε
407 1938 440 2006 ἡ
482 1941 593 1992 ἄνω
633 1948 823 2008 χρῆσις
862 1940 952 1991 καὶ
994 1938 1055 1993 ἐν
1093 1945 1159 2011 τᾷ
1201 1937 1290 2009 (Η
1311 1937 1439 2009 159)

313 2021 496 2088 ὑμέων
536 2021 690 2089 οἵπερ
736 2019 874 2087 ἔασι,

163 2109 258 2170 τῆς
296 2122 361 2171 με
400 2103 490 2155 καὶ
532 2123 610 2155 ων
650 2105 727 2164 εἰς
766 2105 899 2170 μίαν
936 2103 1152 2172 μακρὰν
1193 2101 1644 2172 συναιρουμένης.

276 2182 324 2236 ὃ.
395 2182 505 2237 Καὶ
560 2194 671 2237 τῶν
719 2185 901 2236 αὐτῶν
949 2185 1024 2246 εἰς
1070 2187 1204 2253 μίαν
1249 2187 1514 2253 βραχεῖαν
1561 2185 1632 2247 ὡς
1678 2182 1740 2236 ἐν
1784 2190 1859 2255 τῷ

165 2262 242 2336 (Γ
263 2264 391 2337 152)
1878 2280 1918 2312 25

313 2346 553 2419 δενδρέῳ
595 2346 910 2415 ἐφεζόμενοι

162 2436 259 2497 τῆς
298 2448 322 2481 ε
362 2429 451 2481 καὶ
493 2450 532 2481 ω
575 2430 652 2491 εἰς
692 2430 824 2494 μίαν
862 2431 1140 2499 βραχεῖαν.

276 2510 324 2562 6.
366 2513 598 2578 Μακρᾶς
640 2510 700 2562 δὲ
739 2508 829 2562 καὶ
871 2512 1127 2579 βραχείας
1167 2512 1243 2573 εἰς
1278 2512 1411 2579 μίαν
1441 2511 1656 2579 μακρὰν
1688 2510 1761 2572 ὡς
1792 2508 1854 2562 ἐν

162 2597 237 2663 τῷ
273 2588 350 2661 (Ω
377 2590 507 2663 769)

312 2671 526 2742 δαέρων
564 2671 668 2742 <ἢ>
709 2676 927 2740 γαλόων
1876 2689 1918 2721 8⁰

286 2814 421 2866 lsqq.
445 2810 571 2854 idem
604 2811 716 2854 ordo
753 2811 1059 2855 adumbratur
1083 2813 1207 2869 apud
1231 2812 1445 2856 Eustath.
1473 2812 1532 2855 ad
1549 2815 1589 2855 Α
1607 2817 1628 2855 1
1654 2826 1700 2868 p.
1717 2817 1853 2865 12‚14

288 2932 341 2970 16
375 2928 567 2972 ἔπειθον
600 2928 748 2985 Heph.
774 2932 788 2986 Η
813 2934 865 2972 21
902 2930 981 2973 καὶ
1012 2931 1062 2974 τὸ
1093 2945 1224 2987 prop.
1250 2930 1470 2974 Hoersch.
