2090 3158
227 147 374 190 XVIII
906 147 1240 189 PRAEFATIO

339 287 558 348 Excepta
597 286 750 349 igitur
787 286 879 333 hac
917 285 1168 346 particula
1206 287 1258 332 in
1293 284 1541 334 codicibus
1582 287 1627 334 U
1658 288 1707 334 et
1735 287 1794 333 K
1826 301 1912 347 po·

229 360 325 407 sita
364 363 437 407 est
475 361 708 419 recensio,
750 359 834 421 qui
872 359 988 407 libri
1027 359 1149 407 adeo
1187 361 1318 407 inter
1357 374 1407 406 se
1439 358 1722 421 discrepant
1758 361 1817 406 ut
1855 375 1913 408 ex

229 434 341 481 aliis
381 433 580 481 dictatis
629 433 863 481 oriundos
911 448 1015 481 esse
1056 432 1422 480 Studemundus
1462 433 1738 482 coniecerit.
1817 431 1914 480 Sed

230 507 437 555 eundem
475 508 673 568 utrique
714 507 911 554 subesse
950 507 1135 554 fontem
1178 522 1288 553 cum
1328 507 1439 555 aliis
1475 507 1611 555 vitiis
1650 523 1749 554 non
1787 506 1913 555 raris

230 575 294 645 (e.
334 598 379 643 g.
418 599 464 644 p.
499 582 620 641 228,
649 573 741 646 19)
779 579 1020 642 probatur
1057 583 1163 628 tum
1202 581 1384 628 lacuna
1421 583 1536 642 post
1574 597 1612 629 c.
1637 580 1763 628 VIII
1801 596 1912 628 con-

227 654 411 702 fectum
449 655 634 716 hiante,
674 670 800 716 quae
839 670 938 701 non
976 654 1138 701 minus
1177 656 1314 702 casui
1350 654 1613 702 tribuenda
1651 657 1726 703 est
1765 670 1915 716 quam

228 729 356 775 mira
401 728 617 776 brevitas
665 727 842 789 capitis
890 729 1014 775 sexti
1060 728 1271 790 finisque
1320 728 1490 776 libello
1536 729 1675 776 nulla
1720 730 1914 776 ratione

227 804 503 864 impositus.
594 802 771 849 Melius
827 817 1134 850 communem
1193 802 1335 850 illum
1392 803 1716 865 archetypum
1770 802 1915 865 prodi

227 877 353 924 libro
395 877 440 924 U
475 877 578 922 iam
617 877 703 937 qui
741 877 929 938 primus
967 878 1372 924 commentarium
1412 876 1599 938 publici
1637 877 1758 924 iuris
1797 877 1916 924 fecit

229 949 709 998 Hoerschelmannus
748 951 1013 1012 perspexit,
1053 966 1223 998 verum
1255 965 1365 997 cum
1403 950 1546 998 illum
1585 950 1768 998 librum
1807 965 1914 998 sero

229 1026 538 1087 cognovisset
577 1017 749 1090 (GGA
793 1025 931 1071 1887
973 1041 1019 1085 p.
1056 1017 1208 1090 601),
1255 1040 1355 1072 non
1402 1040 1510 1072 eam
1557 1040 1707 1086 quam
1746 1023 1916 1072 debuit

230 1099 575 1145 auctoritatem
613 1098 693 1145 illi
729 1097 921 1158 tribuit,
962 1098 1081 1159 quin
1121 1100 1272 1146 etiam
1310 1099 1560 1146 nonnullis
1599 1098 1720 1146 locis
1755 1092 1916 1163 (velut

227 1171 327 1218 AV
366 1172 390 1218 I
427 1189 474 1234 p.
509 1173 595 1232 43,
623 1175 773 1233 lsqq.
832 1172 917 1233 50,
943 1174 1094 1233 5sqq.
1153 1173 1237 1233 54,
1266 1166 1468 1238 1—15)
1516 1172 1645 1220 male
1693 1172 1915 1220 codicum

228 1245 462 1294 lectiones
509 1246 744 1293 confudit.
821 1246 881 1292 In
934 1249 1144 1307 utroque
1200 1247 1364 1294 codice
1412 1263 1441 1294 a
1487 1246 1705 1294 librariis
1751 1247 1914 1309 negle-

229 1321 514 1383 gentissime
551 1320 1005 1384 tachygraphorum
1053 1336 1189 1367 more
1236 1320 1562 1368 scribentibus
1608 1320 1794 1382 passim
1833 1320 1914 1367 lit-

227 1397 362 1441 terae
401 1393 649 1455 verbaque
690 1395 872 1441 omissa
911 1397 1038 1442 sunt.
1100 1394 1179 1441 Ab
1214 1394 1291 1441 his
1331 1396 1374 1442 si
1411 1396 1667 1442 recesseris
1701 1410 1757 1441 ea
1789 1409 1915 1456 quae

239 1468 289 1516 U
314 1468 446 1515 solus
479 1467 689 1528 exhibet,
728 1469 874 1531 longe
905 1470 1145 1515 maiorem
1175 1471 1369 1530 partem
1401 1484 1431 1516 a
1460 1469 1512 1515 K
1543 1469 1734 1517 seclusa
1767 1484 1912 1529 quam

232 1541 292 1588 ab
334 1542 384 1590 U
415 1541 586 1589 addita
623 1541 855 1589 videntur
865 1536 923 1608 1),
964 1544 1057 1589 etsi
1094 1558 1194 1590 non
1233 1542 1574 1590 desiderantur
1613 1558 1738 1604 quae
1778 1542 1916 1589 dubi-

230 1617 471 1663 tationem
509 1618 754 1664 moveant.
817 1615 877 1663 In
914 1615 1150 1677 loquendi
1181 1617 1356 1677 forma,
1395 1618 1449 1664 in
1479 1616 1642 1664 verbis
1676 1616 1916 1663 collocan-

232 1690 306 1737 dis
318 1683 359 1755 2)
408 1690 618 1751 aliisque
665 1690 768 1738 eius
816 1691 1007 1753 generis
1055 1690 1397 1751 discrepantiis
1443 1692 1555 1738 uter
1603 1691 1807 1752 propius
1854 1689 1917 1736 ad

233 1762 557 1811 Choerobosci
604 1764 792 1812 dictata
845 1764 1047 1811 accedat
1100 1779 1244 1825 saepe
1300 1779 1388 1811 nec
1439 1766 1604 1826 potest
1650 1764 1918 1825 disceptari

352 1935 393 1990 1)
427 1933 483 1977 cf.
518 1939 617 1988 206,
637 1939 661 1976 2
697 1934 838 1991 (idem
877 1934 1016 1978 schol.
1051 1934 1100 1976 in
1131 1934 1264 1977 Dion.
1293 1934 1398 1976 Thr.
1427 1938 1496 1987 54,
1516 1935 1611 1990 24);
1652 1937 1752 1987 207,
1772 1937 1913 1976 10.11

234 1995 439 2048 <propter
471 1997 570 2047 206,
591 1998 644 2036 18
677 1993 978 2049 necessaria),
1024 1998 1125 2047 209,
1144 1998 1257 2036 4—6
1292 1995 1408 2050 (209,
1428 1997 1454 2036 8
1487 1991 1515 2048 ἢ
1547 1993 1627 2036 καὶ
1659 1993 1774 2049 οὐὲ);
1815 1996 1914 2045 207,

236 2057 287 2095 17
315 2052 442 2106 adn,
491 2057 589 2105 227,
617 2058 669 2096 21
712 2053 1019 2110 ἰαμβοποιοὺς
1058 2051 1109 2096 δὲ
1149 2053 1384 2107 quadrant
1423 2053 1483 2095 ad
1524 2052 1667 2095 solius
1702 2052 1747 2096 U
1776 2051 1917 2095 verba

234 2124 353 2166 quae
386 2111 668 2155 antecedunt
700 2111 828 2167 παρὰ
859 2119 956 2163 τοῖς
989 2113 1284 2169 ἰαμβοποιοῖς
1315 2112 1394 2154 καὶ
1425 2118 1683 2169 τραγικοῖς,
1715 2115 1814 2163 241,
1839 2115 1916 2164 223

232 2170 279 2212 in
314 2184 412 2226 cap.
438 2170 501 2212 III
531 2171 581 2213 in
615 2172 658 2215 U
682 2172 942 2227 temporum
977 2185 1194 2214 numerus
1227 2170 1424 2227 singulis
1455 2170 1668 2227 pedibus,
1710 2169 1917 2225 exceptis

232 2228 433 2272 iambico
467 2231 514 2273 et
545 2230 799 2285 dactylico,
841 2230 1052 2273 adiectus
1093 2233 1181 2283 est,
1227 2230 1277 2272 in
1313 2231 1366 2273 K
1406 2229 1693 2272 solummodo
1727 2233 1833 2282 219,
1862 2233 1916 2272 15

234 2286 478 2343 (ἐπίτριτος
509 2297 687 2343 πρῶτος
706 2316 760 2321 -
780 2288 1079 2348 ἑπτάχρονος)
1106 2291 1153 2332 et
1177 2294 1277 2342 219,
1295 2294 1351 2332 24
1377 2287 1689 2346 (ὃισπόνὸειος
1706 2315 1760 2320 -
1780 2287 1916 2332 ὀκτά-

233 2350 432 2403 χρονος).
505 2347 674 2391 Contra
710 2349 798 2403 vqui
844 2349 893 2391 in
943 2350 986 2392 U
1027 2349 1439 2404 deprehenduntur
1486 2348 1694 2404 capitum
1736 2346 1917 2390 numeri

236 2407 294 2461 (p.
318 2410 414 2459 196,
434 2411 501 2448 22.
537 2411 716 2459 208,10.
752 2413 851 2461 211,
871 2413 909 2451 8.
946 2413 1045 2460 229,
1065 2413 1133 2450 22.
1169 2412 1350 2461 233,13.
1385 2412 1485 2462 237,
1505 2413 1543 2450 2.
1579 2413 1678 2460 242,
1698 2412 1736 2449 2.
1764 2411 1915 2459 246,9.

235 2469 342 2517 249,
364 2467 404 2520 7)
444 2466 580 2508 nimis
620 2466 770 2522 inepti
808 2467 925 2509 mihi
963 2467 1179 2510 videntur
1217 2479 1358 2522 quam
1395 2469 1448 2510 ut
1479 2466 1796 2510 Choerobosco
1835 2464 1916 2508 tri-

235 2522 396 2576 buam,
428 2527 671 2579 praeterea
695 2526 739 2569 U
765 2526 821 2568 de
854 2540 936 2569 suo
970 2526 1155 2568 addidit
1180 2530 1278 2578 243,
1300 2532 1349 2568 11
1372 2527 1493 2579 adn,
1526 2539 1645 2581 quae
1670 2525 1795 2568 haud
1822 2523 1915 2567 scio

238 2596 295 2624 an
330 2585 469 2625 antea
499 2583 546 2625 in
579 2585 789 2640 margine
823 2585 996 2641 scripta
1027 2584 1214 2637 fuerint,
1253 2584 1445 2628 consilio
1479 2585 1635 2627 omisit
1670 2587 1913 2638 183,6-9.

240 2645 335 2693 188,
356 2646 572 2695 22—189,
595 2648 631 2685 5
669 2648 766 2696 252,
787 2649 913 2686 3—5.
950 2648 1047 2696 236,
1071 2649 1254 2686 12—14.

356 2703 397 2755 2)
448 2700 725 2757 Saepissime
772 2703 820 2744 in
861 2702 1102 2746 verborum
1149 2702 1454 2746 collocatione
1498 2702 1766 2757 discrepant
1805 2701 1859 2743 K
1866 2701 1914 2744 U.

237 2757 346 2800 Veri
380 2759 530 2803 simile
563 2763 633 2802 est
671 2761 765 2802 iam
796 2761 846 2803 in
878 2762 1131 2816 archetypo
1163 2762 1396 2817 permulta
1426 2762 1548 2804 inter
1578 2760 1727 2803 lineas
1759 2772 1917 2815 super-

238 2818 409 2872 scripta
441 2818 512 2860 vel
548 2819 595 2860 in
630 2820 920 2875 marginibus
957 2821 1147 2876 appicta
1182 2820 1338 2864 fuisse.
1389 2819 1599 2863 Ceterum
1633 2820 1689 2862 de
1723 2818 1918 2862 Choero-

236 2876 375 2919 bosco
409 2877 464 2919 cf.
492 2876 579 2919 GG
602 2877 664 2920 IV
685 2884 706 2920 1
736 2878 930 2922 LXVIII.
965 2879 1181 2922 LXXXII.
1214 2879 1290 2923 XC
1305 2894 1401 2935 sqq.
