2060 3168
221 752 243 784 5

198 1085 241 1116 10

199 1417 241 1448 15

198 1749 240 1780 20

199 2110 242 2142 85

199 2500 241 2532 30

265 159 375 212 314
847 161 1098 204 APPEND.
1130 161 1370 203 DIONYS.

383 366 435 409 In
475 380 580 423 app.
614 366 794 410 Monac.
828 365 945 421 (cod.
965 365 1102 408 Vind.
1130 364 1288 408 Theol.
1322 380 1389 423 gr.
1424 369 1509 408 287
1541 365 1620 410 fol.
1647 369 1870 410 12V—13V
1905 367 1953 410 et

264 433 416 491 magis
441 434 657 490 corrupta
679 433 727 476 in
746 432 927 475 Monac.
947 436 1032 474 310
1056 431 1136 474 fol.
1155 433 1196 488 1)
1214 434 1456 488 praeterea
1480 432 1598 476 haec
1619 432 1798 476 tradita
1821 433 1950 476 sunt:

827 565 967 620 Περὶ
998 571 1095 608 τοῦ
1126 563 1388 620 ἡρωϊκοῦ.

388 669 452 713 Τὸ
492 669 695 726 ἡρωϊκὸν
734 666 900 724 μέτρον
943 670 1149 711 καλεῖται
1197 666 1279 723 μὲν
1321 666 1450 723 ἔπος,
1498 671 1748 723 διαιρεῖται
1795 668 1846 712 δὲ
1887 667 1954 718 εἰς

266 733 418 784 πόδας
450 733 517 789 ἕξ,
558 730 623 778 ὧν
655 733 679 777 ὁ
710 733 970 784 τελευταῖός
1009 734 1102 778 ἐστι
1134 734 1427 792 δισύλλαβος,
1471 733 1516 778 οἱ
1548 733 1600 779 δὲ
1629 735 1784 778 λοιποὶ
1815 733 1953 780 ἀδιά-

266 817 419 856 φοροι.
482 798 703 857 ποσότητι
734 799 816 856 μὲν
849 797 933 844 οὖν
966 798 1225 857 ἐπιδέχεται
1255 798 1408 850 πόδας
1439 799 1499 855 ἔξ,
1531 799 1744 857 ποιότητι
1774 800 1827 845 δὲ
1850 801 1953 855 δύο,

267 869 515 912 σπονδεῖον
546 867 627 911 καὶ
659 866 902 911 δάκτυλον.
951 867 1030 910 καὶ
1055 870 1303 921 διαιρεῖται
1334 866 1416 924 μὲν
1441 868 1508 917 εἰς
1536 866 1681 923 τομὰς
1710 867 1790 911 καὶ
1822 866 1952 925 σχή-

265 951 420 990 ματα.
477 933 686 991 σχήματα
718 934 801 990 μὲν
834 930 919 978 οὖν
951 934 1075 979 ἐπῶν
1099 932 1191 991 λβ’,
1223 932 1623 991 δεκασχημάτιστα.
1652 933 1753 988 δύο,
1784 949 1952 978 πεντα-

266 999 546 1058 σχημοὲτιστα
579 1001 687 1055 δύο,
727 999 1152 1059 μονοσχημάτιστον
1185 998 1254 1043 ἕν·
1296 999 1719 1056 δεκασχημάτιστον
1750 1000 1834 1056 μὲν
1866 997 1952 1044 οὖν

266 1066 376 1118 ἔπος
405 1065 582 1123 λέγεται
613 1067 664 1111 τὸ
699 1067 803 1124 ἔχον
834 1074 956 1121 τρεῖς
986 1066 1255 1119 δακτύλους,
1287 1066 1742 1123 πεντασχημάτιστον
1767 1066 1817 1111 δὲ
1843 1065 1953 1117 ἔπος

265 1131 386 1176 ἐστὶν
417 1134 468 1177 τὸ
503 1133 608 1190 ἔχον
638 1132 865 1189 τέσσαρας
896 1132 1151 1184 δακτύλους
1181 1133 1261 1175 καὶ
1294 1131 1376 1177 ἕνα
1409 1135 1657 1177 σπονδεῖον
1690 1130 1719 1188 ἢ
1750 1132 1802 1176 τὸ
1835 1132 1952 1176 ἀνά-

263 1203 419 1254 παλιν,
451 1200 875 1259 μονοσχημάτιστον
901 1197 954 1244 δέ
986 1199 1079 1243 ἐστι
1102 1199 1153 1243 τὸ
1180 1199 1286 1257 ἔχον
1320 1195 1453 1249 ὅλους
1484 1199 1740 1249 δακτύλους
1764 1197 1793 1255 ἢ
1820 1196 1953 1250 ὅλους

265 1267 551 1318 σπονδείους.

383 1331 453 1376 Γέ
462 1349 523 1388 νη
572 1331 748 1390 μέτρων
795 1333 880 1377 εἰσὶ
928 1333 1035 1386 δύο,
1083 1330 1322 1387 μονοειδὲς
1366 1332 1446 1375 καὶ
1486 1330 1755 1391 <μικτόν>·
1810 1339 1951 1376 ποῖον

264 1398 501 1455 μονοειδές
533 1399 647 1455 ἐστι;
678 1399 730 1443 τὸ
765 1398 810 1452 ἐξ,
845 1399 949 1451 ἑνὸς
980 1398 1135 1448 εἴδους
1167 1396 1488 1455 συγκείμενον·
1521 1406 1659 1442 ποῖον
1692 1397 1748 1442 δέ
1776 1398 1868 1443 ἐστι
1898 1398 1950 1443 τὸ

265 1464 448 1521 μικτόν;
479 1466 531 1510 τὸ
566 1466 615 1510 ἐκ
648 1464 892 1522 διαφόρων
924 1466 1062 1510 εἰδῶν
1095 1463 1406 1522 συγκείμενον.

389 1532 526 1589 Εἴδη
559 1532 735 1590 μέτρων
761 1533 883 1578 ἐστὶν
909 1530 1065 1576 ἐννέα·
1100 1530 1333 1590 ἰαμβικόν,
1359 1530 1627 1590 τροχαϊκόν,
1658 1529 1952 1585 δακτυλικόν,

265 1599 620 1652 ἀναπαιστικόν,
659 1597 980 1657 χοριαμβικόν,
1016 1595 1392 1652 ἀντισπαστικόν,
1423 1598 1474 1641 τὸ
1509 1597 1602 1641 ἀπὸ
1634 1595 1844 1654 μείζονος
1874 1597 1951 1640 ἰω-

264 1667 411 1719 νικόν,
443 1667 494 1710 τὸ
527 1664 611 1710 ἀπ’
642 1666 887 1717 ἐλάσσονος
918 1665 1108 1709 ἰωνικὸν
1139 1666 1219 1708 καὶ
1251 1663 1524 1708 παιωνικόν.

376 1731 513 1789 ’Έθη
546 1732 721 1789 μέτρων
745 1730 870 1788 τρία·
903 1729 1212 1788 τριτομόριον,
1243 1728 1446 1787 ἡμίεπες,
1480 1728 1767 1788 βουκολικόν.
1834 1747 1952 1785 τρι-

264 1797 532 1855 τομόριόν
573 1800 718 1854 ἐστιν,
760 1798 871 1843 ὅταν
905 1798 928 1842 ὁ
962 1798 1178 1851 δεύτερος
1213 1799 1333 1849 ποὺς
1370 1796 1671 1854 ἀπαρτίζηται
1714 1797 1779 1849 εἰς
1817 1796 1953 1854 μέρος

264 1864 417 1922 λόγου,
451 1863 552 1911 οἷον
586 1870 626 1922 (ο
654 1871 708 1909 63
743 1866 875 1923 alibi)

506 1947 771 2006 Τηλέμαχος
802 1945 936 2004 φίλος
965 1946 1067 1997 υἱὸς
1094 1945 1343 2002 Ὀδυσσῆος
1373 1943 1542 1989 θείοιο.

267 2027 496 2085 ἡμίεπες
535 2029 608 2083 δέ,
649 2028 761 2073 ὅταν
795 2028 818 2072 ὁ
851 2026 1004 2085 τρίτος
1041 2028 1159 2079 ποὺς
1197 2025 1502 2084 ἀπαρτίζηται
1535 2027 1600 2077 εἰς
1630 2025 1766 2083 μέρος
1796 2024 1951 2083 λόγου,

267 2092 368 2139 οἷον
400 2099 451 2151 (ω
477 2097 520 2151 2)

501 2179 687 2232 ἀνδρῶν
720 2175 1010 2232 μνηστήρων·
1047 2175 1118 2233 ἔχε
1150 2173 1202 2219 δὲ
1234 2171 1411 2232 ῥάβδον
1443 2174 1554 2231 μετὰ
1585 2172 1754 2232 χερσίν.

266 2259 605 2316 βουκολικὸν
652 2257 706 2303 δέ
747 2258 862 2312 ἐστι,
912 2255 1023 2302 ὅταν
1064 2256 1087 2301 ὀ
1127 2255 1341 2311 τέταρτος
1385 2257 1503 2306 ποὺς
1541 2254 1840 2312 ἀπαρτίζηται
1885 2255 1951 2306 εἰς

265 2324 401 2381 μέρος
431 2324 585 2382 λόγου,
619 2323 719 2370 οἷον
752 2329 804 2381 (ω
833 2327 872 2379 1)

496 2405 668 2463 εΕρμῆς
698 2406 750 2451 δὲ
782 2406 938 2464 ψυχὰς
969 2403 1226 2459 Κυλλήνιος
1258 2405 1525 2458 ἐξεκαλεῖτο.

385 2487 527 2544 Εἴδη
566 2495 748 2544 τομῶν
788 2487 895 2539 δύο,
935 2487 986 2531 τὸ
1025 2487 1145 2530 κατὰ
1186 2484 1406 2543 συζυγίαν
1449 2486 1528 2528 καὶ
1567 2485 1617 2528 τὸ
1657 2483 1776 2528 κατὰ
1807 2483 1946 2528 πόδα.

266 2554 402 2597 κατὰ
445 2553 715 2610 συζυγίαν
755 2552 838 2609 μέν
878 2554 971 2598 ἐστι
1011 2553 1135 2611 [τινὰ
1167 2553 1327 2610 vind]
1370 2551 1398 2594 ἃ
1438 2551 1648 2607 τέμνεται
1689 2548 1790 2595 οἷον
1822 2550 1947 2608 <τὸ>

265 2620 533 2678 τροχαϊκόν·
574 2628 709 2664 τοῦτο
751 2620 836 2676 γὰρ
879 2620 927 2663 ἐκ
959 2620 1134 2669 παντὸς
1163 2617 1338 2674 τρόπου
1370 2619 1581 2677 βούλεται
1612 2617 1696 2673 τὴν
1728 2614 1948 2672 συζυγίαν

266 2686 533 2740 ἀπαρτίζειν
567 2687 632 2736 εἰς
663 2685 799 2742 μέρος
830 2684 983 2742 λόγου,
1016 2683 1116 2730 οἷον
1149 2685 1271 2742 (Eur.
1301 2685 1374 2728 Or.
1403 2686 1505 2740 729)

500 2771 682 2811 θᾶσσον
716 2766 743 2822 ἥ
775 2765 824 2822 μ’
854 2767 990 2823 ἐχρῆν
1022 2766 1169 2824 (μέχρι
1201 2766 1353 2820 codd.)
1385 2762 1664 2823 προβαίνων.

266 2848 405 2891 κατὰ
438 2850 488 2892 δὲ
520 2847 667 2893 πόδα
700 2845 802 2892 οἷον
832 2849 884 2892 τὸ
920 2846 1131 2904 ἡρωϊκόν.
