<?xml version="1.0" encoding="UTF-8"?>
<!DOCTYPE html PUBLIC "-//W3C//DTD XHTML 1.0 Transitional//EN"
    "http://www.w3.org/TR/xhtml1/DTD/xhtml1-transitional.dtd">
<html xmlns="http://www.w3.org/1999/xhtml" xml:lang="en" lang="en">
 <head>
  <title>
</title>
<meta http-equiv="Content-Type" content="text/html;charset=utf-8" />
  <meta name='ocr-system' content='tesseract 3.04.00' />
  <meta name='ocr-capabilities' content='ocr_page ocr_carea ocr_par ocr_line ocrx_word'/>
</head>
<body>
  <div class='ocr_page' id='page_1' title='image "./hephaestionisenc00hephuoft_0263.png"; bbox 0 0 2060 3168; ppageno 0'>
   <div class='ocr_carea' id='block_1_1' title="bbox 613 214 1863 267">
    <p class='ocr_par' dir='ltr' id='par_1_1' title="bbox 613 214 1863 267">
     <span class='ocr_line' id='line_1_1' title="bbox 613 214 1863 267; baseline 0.007 -9"><span class='ocrx_word' id='word_1_1' title='bbox 613 217 654 257; x_wconf 90' lang='lat' dir='ltr'><strong>v</strong></span> <span class='ocrx_word' id='word_1_2' title='bbox 672 226 771 258; x_wconf 81' lang='lat'>1—4.</span> <span class='ocrx_word' id='word_1_3' title='bbox 796 216 860 257; x_wconf 86' lang='lat' dir='ltr'>VI</span> <span class='ocrx_word' id='word_1_4' title='bbox 891 216 1036 256; x_wconf 80' lang='grc' dir='ltr'>ΠΕΡΙ</span> <span class='ocrx_word' id='word_1_5' title='bbox 1065 215 1418 257; x_wconf 82' lang='lat' dir='ltr'><strong>TPOXAIKOT</strong></span> <span class='ocrx_word' id='word_1_6' title='bbox 1754 214 1863 267; x_wconf 78' lang='grc'>229</span> 
     </span>
    </p>
   </div>
   <div class='ocr_carea' id='block_1_2' title="bbox 0 347 1934 1892">
    <p class='ocr_par' dir='ltr' id='par_1_2' title="bbox 170 347 1933 907">
     <span class='ocr_line' id='line_1_2' title="bbox 285 347 1865 420; baseline 0.001 -19"><span class='ocrx_word' id='word_1_7' title='bbox 285 348 397 418; x_wconf 83' lang='lat'><strong>(17,</strong></span> <span class='ocrx_word' id='word_1_8' title='bbox 427 347 482 420; x_wconf 86' lang='lat'>1)</span> <span class='ocrx_word' id='word_1_9' title='bbox 528 349 666 402; x_wconf 73' lang='lat' dir='ltr'>&#39;‘ch</span> <span class='ocrx_word' id='word_1_10' title='bbox 708 353 767 403; x_wconf 76' lang='grc' dir='ltr'>δὲ</span> <span class='ocrx_word' id='word_1_11' title='bbox 807 351 1061 415; x_wconf 77' lang='grc' dir='ltr'>ἑπίεημον</span> <span class='ocrx_word' id='word_1_12' title='bbox 1103 351 1161 404; x_wconf 86' lang='grc' dir='ltr'>ἑν</span> <span class='ocrx_word' id='word_1_13' title='bbox 1200 354 1312 403; x_wconf 73' lang='grc' dir='ltr'>τοῖς</span> <span class='ocrx_word' id='word_1_14' title='bbox 1354 350 1740 415; x_wconf 78' lang='grc' dir='ltr'>ἀκαταλήκτοιε</span> <span class='ocrx_word' id='word_1_15' title='bbox 1781 352 1865 403; x_wconf 84' lang='grc' dir='ltr'>καὶ</span> 
     </span>
     <span class='ocr_line' id='line_1_3' title="bbox 172 431 1864 497; baseline 0.001 -14"><span class='ocrx_word' id='word_1_16' title='bbox 172 433 235 484; x_wconf 86' lang='grc' dir='ltr'>τὸ</span> <span class='ocrx_word' id='word_1_17' title='bbox 291 432 471 496; x_wconf 86' lang='grc' dir='ltr'>χωλὸν</span> <span class='ocrx_word' id='word_1_18' title='bbox 526 432 884 496; x_wconf 84' lang='grc' dir='ltr'>καλούμενον,</span> <span class='ocrx_word' id='word_1_19' title='bbox 947 431 1081 497; x_wconf 87' lang='grc' dir='ltr'>ὅπερ</span> <span class='ocrx_word' id='word_1_20' title='bbox 1137 434 1276 485; x_wconf 74' lang='grc' dir='ltr'>τινὲς</span> <span class='ocrx_word' id='word_1_21' title='bbox 1340 435 1435 496; x_wconf 81' lang='grc' dir='ltr'>μὲν</span> <span class='ocrx_word' id='word_1_22' title='bbox 1488 433 1864 494; x_wconf 71' lang='grc' dir='ltr'>Ἱππώνακτος,</span> 
     </span>
     <span class='ocr_line' id='line_1_4' title="bbox 171 512 1863 579; baseline 0 -14"><span class='ocrx_word' id='word_1_23' title='bbox 171 515 310 566; x_wconf 73' lang='grc' dir='ltr'>τινὲς</span> <span class='ocrx_word' id='word_1_24' title='bbox 355 515 414 565; x_wconf 77' lang='grc' dir='ltr'>δὲ</span> <span class='ocrx_word' id='word_1_25' title='bbox 454 512 701 566; x_wconf 86' lang='grc' dir='ltr'>Ἀνανίου</span> <span class='ocrx_word' id='word_1_26' title='bbox 750 514 952 579; x_wconf 87' lang='grc' dir='ltr'>εὕρημά</span> <span class='ocrx_word' id='word_1_27' title='bbox 999 531 1174 579; x_wconf 78' lang='grc' dir='ltr'>φαειν.</span> <span class='ocrx_word' id='word_1_28' title='bbox 1254 514 1496 578; x_wconf 79' lang='grc' dir='ltr'>διαφέρει</span> <span class='ocrx_word' id='word_1_29' title='bbox 1538 515 1597 566; x_wconf 78' lang='grc' dir='ltr'>δὲ</span> <span class='ocrx_word' id='word_1_30' title='bbox 1635 517 1733 565; x_wconf 84' lang='grc' dir='ltr'>τοῦ</span> <span class='ocrx_word' id='word_1_31' title='bbox 1774 513 1863 578; x_wconf 85' lang='grc' dir='ltr'>ὀρ-</span> 
     </span>
     <span class='ocr_line' id='line_1_5' title="bbox 172 595 1863 663; baseline 0 -17"><span class='ocrx_word' id='word_1_32' title='bbox 172 597 292 656; x_wconf 85' lang='grc' dir='ltr'>θοῦ,</span> <span class='ocrx_word' id='word_1_33' title='bbox 344 595 375 663; x_wconf 86' lang='grc' dir='ltr'>ᾗ</span> <span class='ocrx_word' id='word_1_34' title='bbox 426 595 599 647; x_wconf 80' lang='grc' dir='ltr'>ἐκεῖνο</span> <span class='ocrx_word' id='word_1_35' title='bbox 649 597 743 659; x_wconf 77' lang='grc' dir='ltr'>μὲν</span> <span class='ocrx_word' id='word_1_36' title='bbox 789 595 983 660; x_wconf 81' lang='grc' dir='ltr'>ἴαμβον</span> <span class='ocrx_word' id='word_1_37' title='bbox 1025 595 1132 660; x_wconf 80' lang='grc' dir='ltr'>ἔχει</span> <span class='ocrx_word' id='word_1_38' title='bbox 1172 596 1270 647; x_wconf 89' lang='grc' dir='ltr'>τὸν</span> <span class='ocrx_word' id='word_1_39' title='bbox 1309 597 1619 647; x_wconf 80' lang='grc' dir='ltr'>τελεῦταῑον</span> <span class='ocrx_word' id='word_1_40' title='bbox 1659 595 1690 658; x_wconf 80' lang='grc' dir='ltr'>ἢ</span> <span class='ocrx_word' id='word_1_41' title='bbox 1731 613 1863 659; x_wconf 85' lang='grc' dir='ltr'>πυρ-</span> 
     </span>
     <span class='ocr_line' id='line_1_6' title="bbox 171 675 1933 741; baseline 0.001 -15"><span class='ocrx_word' id='word_1_42' title='bbox 171 676 342 740; x_wconf 85' lang='grc' dir='ltr'>ρίχιον</span> <span class='ocrx_word' id='word_1_43' title='bbox 391 677 479 728; x_wconf 81' lang='grc' dir='ltr'>διὰ</span> <span class='ocrx_word' id='word_1_44' title='bbox 525 678 622 740; x_wconf 87' lang='grc' dir='ltr'>τὴν</span> <span class='ocrx_word' id='word_1_45' title='bbox 664 675 992 741; x_wconf 79' lang='grc' dir='ltr'>ἀδιάφορον,</span> <span class='ocrx_word' id='word_1_46' title='bbox 1040 680 1203 728; x_wconf 82' lang='grc' dir='ltr'>τοῦτο</span> <span class='ocrx_word' id='word_1_47' title='bbox 1244 678 1304 728; x_wconf 77' lang='grc' dir='ltr'>δὲ</span> <span class='ocrx_word' id='word_1_48' title='bbox 1344 679 1630 728; x_wconf 78' lang='grc' dir='ltr'>(πονδεῑον</span> <span class='ocrx_word' id='word_1_49' title='bbox 1669 677 1700 739; x_wconf 84' lang='grc' dir='ltr'>ἢ</span> <span class='ocrx_word' id='word_1_50' title='bbox 1742 693 1863 740; x_wconf 88' lang='grc' dir='ltr'>τρο·</span> <span class='ocrx_word' id='word_1_51' title='bbox 1911 696 1933 728; x_wconf 89' lang='lat'><strong>5</strong></span> 
     </span>
     <span class='ocr_line' id='line_1_7' title="bbox 171 758 1866 823; baseline 0 -14"><span class='ocrx_word' id='word_1_52' title='bbox 171 761 342 821; x_wconf 85' lang='grc' dir='ltr'>χαῖον.</span> <span class='ocrx_word' id='word_1_53' title='bbox 426 758 489 809; x_wconf 90' lang='grc' dir='ltr'>τὸ</span> <span class='ocrx_word' id='word_1_54' title='bbox 545 760 604 810; x_wconf 80' lang='grc' dir='ltr'>δὲ</span> <span class='ocrx_word' id='word_1_55' title='bbox 659 759 841 823; x_wconf 87' lang='grc' dir='ltr'>χωλὸν</span> <span class='ocrx_word' id='word_1_56' title='bbox 893 758 957 810; x_wconf 85' lang='grc' dir='ltr'>οὐ</span> <span class='ocrx_word' id='word_1_57' title='bbox 1013 759 1223 822; x_wconf 80' lang='grc' dir='ltr'>δέχεται</span> <span class='ocrx_word' id='word_1_58' title='bbox 1277 759 1404 809; x_wconf 73' lang='grc' dir='ltr'>τοὺς</span> <span class='ocrx_word' id='word_1_59' title='bbox 1450 758 1866 822; x_wconf 80' lang='grc' dir='ltr'>παραλήγοντα(</span> 
     </span>
     <span class='ocr_line' id='line_1_8' title="bbox 170 837 984 907; baseline 0.001 -18"><span class='ocrx_word' id='word_1_60' title='bbox 170 839 573 903; x_wconf 76' lang='grc' dir='ltr'>τριευλλάβουε·</span> <span class='ocrx_word' id='word_1_61' title='bbox 614 837 705 891; x_wconf 86' lang='grc' dir='ltr'>καὶ</span> <span class='ocrx_word' id='word_1_62' title='bbox 745 840 811 891; x_wconf 83' lang='grc' dir='ltr'>τὰ</span> <span class='ocrx_word' id='word_1_63' title='bbox 851 837 984 907; x_wconf 79' lang='grc' dir='ltr'>ἑξῆς.</span> 
     </span>
    </p>

    <p class='ocr_par' dir='ltr' id='par_1_3' title="bbox 171 919 1933 1313">
     <span class='ocr_line' id='line_1_9' title="bbox 285 919 1865 988; baseline 0 -17"><span class='ocrx_word' id='word_1_64' title='bbox 285 920 581 988; x_wconf 82' lang='grc' dir='ltr'>Πρόδηλόν</span> <span class='ocrx_word' id='word_1_65' title='bbox 621 920 735 972; x_wconf 80' lang='grc' dir='ltr'>ἐστι</span> <span class='ocrx_word' id='word_1_66' title='bbox 782 921 844 972; x_wconf 93' lang='grc' dir='ltr'>τὸ</span> <span class='ocrx_word' id='word_1_67' title='bbox 893 922 1194 988; x_wconf 79' lang='grc' dir='ltr'>λεγόμενον</span> <span class='ocrx_word' id='word_1_68' title='bbox 1239 919 1364 987; x_wconf 86' lang='grc' dir='ltr'>περὶ</span> <span class='ocrx_word' id='word_1_69' title='bbox 1409 927 1508 972; x_wconf 92' lang='grc' dir='ltr'>τοῦ</span> <span class='ocrx_word' id='word_1_70' title='bbox 1548 919 1865 988; x_wconf 84' lang='grc' dir='ltr'>χωλιάμβου</span> 
     </span>
     <span class='ocr_line' id='line_1_10' title="bbox 171 1000 1863 1070; baseline 0 -19"><span class='ocrx_word' id='word_1_71' title='bbox 171 1000 541 1069; x_wconf 77' lang='grc' dir='ltr'>καλουμένου,</span> <span class='ocrx_word' id='word_1_72' title='bbox 590 1001 673 1053; x_wconf 84' lang='grc' dir='ltr'>ὅτι</span> <span class='ocrx_word' id='word_1_73' title='bbox 722 1001 895 1063; x_wconf 80' lang='grc' dir='ltr'>οὕτως</span> <span class='ocrx_word' id='word_1_74' title='bbox 944 1000 1335 1070; x_wconf 79' lang='grc' dir='ltr'><strong><em>ἐπεκράτησεν,</em></strong></span> <span class='ocrx_word' id='word_1_75' title='bbox 1377 1001 1512 1053; x_wconf 83' lang='grc' dir='ltr'>ὥστε</span> <span class='ocrx_word' id='word_1_76' title='bbox 1551 1009 1734 1054; x_wconf 83' lang='grc' dir='ltr'>ποιεῖν</span> <span class='ocrx_word' id='word_1_77' title='bbox 1772 1000 1863 1051; x_wconf 84' lang='grc' dir='ltr'>καὶ</span> 
     </span>
     <span class='ocr_line' id='line_1_11' title="bbox 173 1076 1933 1150; baseline 0.001 -17"><span class='ocrx_word' id='word_1_78' title='bbox 173 1082 319 1134; x_wconf 77' lang='grc' dir='ltr'>ἴδιον</span> <span class='ocrx_word' id='word_1_79' title='bbox 357 1082 574 1150; x_wconf 81' lang='grc' dir='ltr'>μέτρον.</span> <span class='ocrx_word' id='word_1_80' title='bbox 639 1081 1007 1144; x_wconf 81' lang='grc' dir='ltr'>Ἱππώνακτος</span> <span class='ocrx_word' id='word_1_81' title='bbox 1047 1081 1106 1135; x_wconf 81' lang='grc' dir='ltr'>δ’</span> <span class='ocrx_word' id='word_1_82' title='bbox 1136 1079 1330 1150; x_wconf 79' lang='grc' dir='ltr'>ἔλεγον</span> <span class='ocrx_word' id='word_1_83' title='bbox 1371 1083 1504 1135; x_wconf 89' lang='grc' dir='ltr'>αὐτὸ</span> <span class='ocrx_word' id='word_1_84' title='bbox 1546 1076 1688 1135; x_wconf 80' lang='grc' dir='ltr'>εἶναι</span> <span class='ocrx_word' id='word_1_85' title='bbox 1727 1083 1863 1134; x_wconf 83' lang='grc' dir='ltr'>κατὰ</span> <span class='ocrx_word' id='word_1_86' title='bbox 1889 1104 1933 1135; x_wconf 90' lang='lat'>10</span> 
     </span>
     <span class='ocr_line' id='line_1_12' title="bbox 171 1162 1865 1234; baseline 0.001 -20"><span class='ocrx_word' id='word_1_87' title='bbox 171 1164 273 1230; x_wconf 83' lang='grc' dir='ltr'>τὴν</span> <span class='ocrx_word' id='word_1_88' title='bbox 319 1163 613 1232; x_wconf 79' lang='grc' dir='ltr'>εἰρημένην</span> <span class='ocrx_word' id='word_1_89' title='bbox 654 1163 907 1231; x_wconf 77' lang='grc' dir='ltr'>ἀνωτέρω</span> <span class='ocrx_word' id='word_1_90' title='bbox 948 1162 1020 1234; x_wconf 89' lang='lat' dir='ltr'>(p.</span> <span class='ocrx_word' id='word_1_91' title='bbox 1048 1162 1286 1234; x_wconf 79' lang='grc'>214,20)</span> <span class='ocrx_word' id='word_1_92' title='bbox 1327 1171 1524 1232; x_wconf 78' lang='grc' dir='ltr'>χρῆσιν</span> <span class='ocrx_word' id='word_1_93' title='bbox 1563 1171 1658 1231; x_wconf 79' lang='grc' dir='ltr'>τῆς</span> <span class='ocrx_word' id='word_1_94' title='bbox 1697 1163 1865 1232; x_wconf 83' lang='grc' dir='ltr'>γραὸς</span> 
     </span>
     <span class='ocr_line' id='line_1_13' title="bbox 171 1244 540 1313; baseline 0 -17"><span class='ocrx_word' id='word_1_95' title='bbox 171 1244 262 1296; x_wconf 84' lang='grc' dir='ltr'>καὶ</span> <span class='ocrx_word' id='word_1_96' title='bbox 304 1245 540 1313; x_wconf 79' lang='grc' dir='ltr'><em>σκάφης·</em></span> 
     </span>
    </p>

    <p class='ocr_par' dir='ltr' id='par_1_4' title="bbox 0 1325 1934 1892">
     <span class='ocr_line' id='line_1_14' title="bbox 321 1325 1642 1395; baseline 0.001 -17"><span class='ocrx_word' id='word_1_97' title='bbox 321 1325 600 1395; x_wconf 74' lang='grc' dir='ltr'>ἄνθρωπ’,</span> <span class='ocrx_word' id='word_1_98' title='bbox 641 1327 866 1390; x_wconf 76' lang='grc' dir='ltr'>ἄπελθε,</span> <span class='ocrx_word' id='word_1_99' title='bbox 906 1327 1007 1394; x_wconf 83' lang='grc' dir='ltr'>τὴν</span> <span class='ocrx_word' id='word_1_100' title='bbox 1047 1326 1267 1395; x_wconf 90' lang='grc' dir='ltr'>σκάφην</span> <span class='ocrx_word' id='word_1_101' title='bbox 1307 1326 1642 1393; x_wconf 80' lang='grc' dir='ltr'>ἀνατρέψεις.</span> 
     </span>
     <span class='ocr_line' id='line_1_15' title="bbox 0 1401 1863 1487; baseline 0 -28"><span class='ocrx_word' id='word_1_102' title='bbox 0 1473 17 1487; x_wconf 23' lang='grc' dir='ltr'><em>ω</em></span> <span class='ocrx_word' id='word_1_103' title='bbox 171 1415 336 1460; x_wconf 89' lang='grc' dir='ltr'>τοῦτο</span> <span class='ocrx_word' id='word_1_104' title='bbox 377 1408 438 1460; x_wconf 79' lang='grc' dir='ltr'>δὲ</span> <span class='ocrx_word' id='word_1_105' title='bbox 476 1408 567 1460; x_wconf 82' lang='grc' dir='ltr'>καὶ</span> <span class='ocrx_word' id='word_1_106' title='bbox 607 1417 702 1476; x_wconf 81' lang='grc' dir='ltr'>τῆς</span> <span class='ocrx_word' id='word_1_107' title='bbox 742 1409 907 1477; x_wconf 75' lang='grc' dir='ltr'>γραὸς</span> <span class='ocrx_word' id='word_1_108' title='bbox 946 1407 1160 1476; x_wconf 83' lang='grc' dir='ltr'>λέγεται</span> <span class='ocrx_word' id='word_1_109' title='bbox 1199 1401 1341 1460; x_wconf 87' lang='grc' dir='ltr'>εἶναι</span> <span class='ocrx_word' id='word_1_110' title='bbox 1377 1416 1471 1476; x_wconf 84' lang='grc' dir='ltr'>τῆς</span> <span class='ocrx_word' id='word_1_111' title='bbox 1504 1409 1616 1460; x_wconf 79' lang='grc' dir='ltr'>ἄνω</span> <span class='ocrx_word' id='word_1_112' title='bbox 1651 1406 1863 1475; x_wconf 84' lang='grc' dir='ltr'>εἰρημέ-</span> 
     </span>
     <span class='ocr_line' id='line_1_16' title="bbox 0 1488 1934 1559; baseline 0.003 -22"><span class='ocrx_word' id='word_1_113' title='bbox 0 1503 13 1559; x_wconf 57' lang='lat'><em>}</em></span> <span class='ocrx_word' id='word_1_114' title='bbox 85 1498 139 1537; x_wconf 82' lang='lat'>70</span> <span class='ocrx_word' id='word_1_115' title='bbox 172 1509 283 1557; x_wconf 87' lang='grc' dir='ltr'>νης.</span> <span class='ocrx_word' id='word_1_116' title='bbox 338 1521 411 1526; x_wconf 93' lang='lat'>—</span> <span class='ocrx_word' id='word_1_117' title='bbox 468 1490 575 1541; x_wconf 81' lang='grc' dir='ltr'>Καὶ</span> <span class='ocrx_word' id='word_1_118' title='bbox 632 1490 807 1552; x_wconf 85' lang='grc' dir='ltr'>οὕτως</span> <span class='ocrx_word' id='word_1_119' title='bbox 859 1495 1060 1558; x_wconf 81' lang='grc' dir='ltr'>πληροῖ</span> <span class='ocrx_word' id='word_1_120' title='bbox 1105 1490 1165 1541; x_wconf 92' lang='grc' dir='ltr'>τὸ</span> <span class='ocrx_word' id='word_1_121' title='bbox 1215 1491 1472 1558; x_wconf 84' lang='grc' dir='ltr'>ἰαμβικὸν</span> <span class='ocrx_word' id='word_1_122' title='bbox 1517 1488 1742 1558; x_wconf 84' lang='grc' dir='ltr'>μέτρον,</span> <span class='ocrx_word' id='word_1_123' title='bbox 1791 1489 1864 1557; x_wconf 84' lang='grc' dir='ltr'>μὴ</span> <span class='ocrx_word' id='word_1_124' title='bbox 1890 1510 1934 1543; x_wconf 85' lang='lat'>15</span> 
     </span>
     <span class='ocr_line' id='line_1_17' title="bbox 0 1562 1864 1647; baseline 0 -25"><span class='ocrx_word' id='word_1_125' title='bbox 0 1562 138 1647; x_wconf 58' lang='lat' dir='ltr'>[e(148)</span> <span class='ocrx_word' id='word_1_126' title='bbox 172 1571 403 1638; x_wconf 84' lang='grc' dir='ltr'>εἰρηκὼς</span> <span class='ocrx_word' id='word_1_127' title='bbox 451 1569 576 1637; x_wconf 82' lang='grc' dir='ltr'>περὶ</span> <span class='ocrx_word' id='word_1_128' title='bbox 623 1578 719 1638; x_wconf 79' lang='grc' dir='ltr'>τῆς</span> <span class='ocrx_word' id='word_1_129' title='bbox 764 1579 931 1639; x_wconf 80' lang='grc' dir='ltr'>τομῆς</span> <span class='ocrx_word' id='word_1_130' title='bbox 978 1579 1076 1624; x_wconf 90' lang='grc' dir='ltr'>τοῦ</span> <span class='ocrx_word' id='word_1_131' title='bbox 1124 1571 1323 1637; x_wconf 73' lang='grc' dir='ltr'>ἰάμβου</span> <span class='ocrx_word' id='word_1_132' title='bbox 1364 1569 1626 1623; x_wconf 82' lang='grc' dir='ltr'>ἐνταῦθα.</span> <span class='ocrx_word' id='word_1_133' title='bbox 1704 1568 1766 1623; x_wconf 81' lang='grc' dir='ltr'>ἐν</span> <span class='ocrx_word' id='word_1_134' title='bbox 1804 1567 1864 1622; x_wconf 76' lang='grc' dir='ltr'>δὲ</span> 
     </span>
     <span class='ocr_line' id='line_1_18' title="bbox 172 1651 1865 1722; baseline 0 -19"><span class='ocrx_word' id='word_1_135' title='bbox 172 1660 235 1720; x_wconf 78' lang='grc' dir='ltr'>τῇ</span> <span class='ocrx_word' id='word_1_136' title='bbox 276 1652 412 1703; x_wconf 77' lang='grc' dir='ltr'>κατὰ</span> <span class='ocrx_word' id='word_1_137' title='bbox 451 1652 654 1714; x_wconf 79' lang='grc' dir='ltr'>πλάτος</span> <span class='ocrx_word' id='word_1_138' title='bbox 686 1652 858 1704; x_wconf 89' lang='grc' dir='ltr'>αὐτοῦ</span> <span class='ocrx_word' id='word_1_139' title='bbox 891 1657 1234 1722; x_wconf 79' lang='grc' dir='ltr'>πραγματείᾳ</span> <span class='ocrx_word' id='word_1_140' title='bbox 1264 1651 1355 1704; x_wconf 87' lang='grc' dir='ltr'>καὶ</span> <span class='ocrx_word' id='word_1_141' title='bbox 1388 1660 1551 1705; x_wconf 89' lang='grc' dir='ltr'>τοῦτο</span> <span class='ocrx_word' id='word_1_142' title='bbox 1585 1653 1865 1718; x_wconf 76' lang='grc' dir='ltr'>πεποίηκε,</span> 
     </span>
     <span class='ocr_line' id='line_1_19' title="bbox 2 1731 1864 1802; baseline -0.002 -15"><span class='ocrx_word' id='word_1_143' title='bbox 2 1774 17 1787; x_wconf 84' lang='lat'>.-</span> <span class='ocrx_word' id='word_1_144' title='bbox 170 1742 361 1799; x_wconf 82' lang='grc' dir='ltr'>σαφῶς</span> <span class='ocrx_word' id='word_1_145' title='bbox 408 1731 586 1795; x_wconf 75' lang='grc' dir='ltr'>δείξας</span> <span class='ocrx_word' id='word_1_146' title='bbox 639 1734 729 1785; x_wconf 82' lang='grc' dir='ltr'>καὶ</span> <span class='ocrx_word' id='word_1_147' title='bbox 778 1735 1153 1802; x_wconf 83' lang='grc' dir='ltr'>συμφωνήσας</span> <span class='ocrx_word' id='word_1_148' title='bbox 1199 1741 1369 1786; x_wconf 89' lang='grc' dir='ltr'>πᾶσιν</span> <span class='ocrx_word' id='word_1_149' title='bbox 1417 1734 1499 1786; x_wconf 84' lang='grc' dir='ltr'>ὅτι</span> <span class='ocrx_word' id='word_1_150' title='bbox 1548 1733 1650 1786; x_wconf 83' lang='grc' dir='ltr'>δύο</span> <span class='ocrx_word' id='word_1_151' title='bbox 1698 1734 1864 1801; x_wconf 88' lang='grc' dir='ltr'>μόναι</span> 
     </span>
     <span class='ocr_line' id='line_1_20' title="bbox 0 1790 1863 1892; baseline 0.001 -27"><span class='ocrx_word' id='word_1_152' title='bbox 0 1790 19 1892; x_wconf 50' lang='lat'>¹5</span> <span class='ocrx_word' id='word_1_153' title='bbox 171 1812 275 1866; x_wconf 80' lang='grc' dir='ltr'>εἰσὶ</span> <span class='ocrx_word' id='word_1_154' title='bbox 331 1812 490 1880; x_wconf 87' lang='grc' dir='ltr'>τομαὶ</span> <span class='ocrx_word' id='word_1_155' title='bbox 546 1821 645 1867; x_wconf 87' lang='grc' dir='ltr'>τοῦ</span> <span class='ocrx_word' id='word_1_156' title='bbox 705 1815 930 1883; x_wconf 77' lang='grc' dir='ltr'>ἰάμβου,</span> <span class='ocrx_word' id='word_1_157' title='bbox 986 1815 1125 1883; x_wconf 76' lang='grc' dir='ltr'>λέγω</span> <span class='ocrx_word' id='word_1_158' title='bbox 1183 1816 1249 1882; x_wconf 83' lang='grc' dir='ltr'>δὴ</span> <span class='ocrx_word' id='word_1_159' title='bbox 1302 1815 1714 1883; x_wconf 84' lang='grc' dir='ltr'>πενθημιμερὴς</span> <span class='ocrx_word' id='word_1_160' title='bbox 1760 1814 1863 1866; x_wconf 82' lang='grc' dir='ltr'>δύο</span> 
     </span>
    </p>
   </div>
   <div class='ocr_carea' id='block_1_3' title="bbox 0 1894 1932 2808">
    <p class='ocr_par' dir='ltr' id='par_1_5' title="bbox 0 1894 1932 2032">
     <span class='ocr_line' id='line_1_21' title="bbox 0 1894 1932 1978; baseline 0.002 -31"><span class='ocrx_word' id='word_1_161' title='bbox 0 1894 17 1978; x_wconf 58' lang='grc' dir='ltr'>ζ</span> <span class='ocrx_word' id='word_1_162' title='bbox 169 1895 337 1963; x_wconf 76' lang='grc' dir='ltr'>ἥμισυ</span> <span class='ocrx_word' id='word_1_163' title='bbox 377 1896 567 1948; x_wconf 81' lang='grc' dir='ltr'>ποδῶν</span> <span class='ocrx_word' id='word_1_164' title='bbox 605 1894 695 1948; x_wconf 86' lang='grc' dir='ltr'>καὶ</span> <span class='ocrx_word' id='word_1_165' title='bbox 738 1895 1117 1965; x_wconf 83' lang='grc' dir='ltr'>ἑφθημιμερὴς</span> <span class='ocrx_word' id='word_1_166' title='bbox 1154 1906 1328 1964; x_wconf 86' lang='grc' dir='ltr'>τριῶν</span> <span class='ocrx_word' id='word_1_167' title='bbox 1365 1897 1550 1965; x_wconf 77' lang='grc' dir='ltr'>ἥμισυ.</span> <span class='ocrx_word' id='word_1_168' title='bbox 1888 1918 1932 1950; x_wconf 81' lang='lat'>20</span> 
     </span>
     <span class='ocr_line' id='line_1_22' title="bbox 2 2003 30 2032; baseline -0.036 0"><span class='ocrx_word' id='word_1_169' title='bbox 2 2003 30 2032; x_wconf 60' lang='grc' dir='ltr'>Γ.</span> 
     </span>
    </p>

    <p class='ocr_par' dir='ltr' id='par_1_6' title="bbox 3 2054 1094 2143">
     <span class='ocr_line' id='line_1_23' title="bbox 3 2054 1094 2143; baseline 0.001 -18"><span class='ocrx_word' id='word_1_170' title='bbox 3 2054 17 2116; x_wconf 75' lang='grc' dir='ltr'>ἓ·</span> <span class='ocrx_word' id='word_1_171' title='bbox 854 2072 1094 2143; x_wconf 82' lang='lat' dir='ltr'>Cap.V1.</span> 
     </span>
    </p>

    <p class='ocr_par' dir='ltr' id='par_1_7' title="bbox 3 2149 1304 2265">
     <span class='ocr_line' id='line_1_24' title="bbox 3 2149 1304 2265; baseline 0.004 -39"><span class='ocrx_word' id='word_1_172' title='bbox 3 2149 16 2265; x_wconf 56' lang='grc' dir='ltr'><strong><em>ἴ</em></strong></span> <span class='ocrx_word' id='word_1_173' title='bbox 730 2178 894 2245; x_wconf 86' lang='grc' dir='ltr'>Περὶ</span> <span class='ocrx_word' id='word_1_174' title='bbox 934 2186 1304 2248; x_wconf 86' lang='grc' dir='ltr'>τροχαϊκοῦ.</span> 
     </span>
    </p>

    <p class='ocr_par' dir='ltr' id='par_1_8' title="bbox 3 2261 1863 2347">
     <span class='ocr_line' id='line_1_25' title="bbox 3 2261 1863 2347; baseline 0 -14"><span class='ocrx_word' id='word_1_175' title='bbox 3 2261 19 2322; x_wconf 56' lang='grc' dir='ltr'><strong><em>ἲ</em></strong></span> <span class='ocrx_word' id='word_1_176' title='bbox 281 2281 356 2333; x_wconf 87' lang='grc' dir='ltr'>Τὸ</span> <span class='ocrx_word' id='word_1_177' title='bbox 395 2283 682 2347; x_wconf 86' lang='grc' dir='ltr'>τροχαϊκὸν</span> <span class='ocrx_word' id='word_1_178' title='bbox 723 2283 857 2334; x_wconf 85' lang='grc' dir='ltr'>κατὰ</span> <span class='ocrx_word' id='word_1_179' title='bbox 891 2284 983 2346; x_wconf 83' lang='grc' dir='ltr'>μὲν</span> <span class='ocrx_word' id='word_1_180' title='bbox 1015 2283 1110 2334; x_wconf 77' lang='grc' dir='ltr'>τὰς</span> <span class='ocrx_word' id='word_1_181' title='bbox 1150 2283 1398 2347; x_wconf 78' lang='grc' dir='ltr'>περιττὰ(</span> <span class='ocrx_word' id='word_1_182' title='bbox 1439 2283 1617 2347; x_wconf 74' lang='grc' dir='ltr'>χώρας</span> <span class='ocrx_word' id='word_1_183' title='bbox 1651 2283 1863 2347; x_wconf 79' lang='grc' dir='ltr'>δέχεται</span> 
     </span>
    </p>

    <p class='ocr_par' dir='ltr' id='par_1_9' title="bbox 2 2326 1862 2486">
     <span class='ocr_line' id='line_1_26' title="bbox 2 2326 1862 2486; baseline 0 -72"><span class='ocrx_word' id='word_1_184' title='bbox 2 2326 26 2486; x_wconf 59' lang='grc' dir='ltr'>Ι</span> <span class='ocrx_word' id='word_1_185' title='bbox 169 2367 447 2427; x_wconf 84' lang='grc' dir='ltr'>τροχαῖον,</span> <span class='ocrx_word' id='word_1_186' title='bbox 501 2366 586 2415; x_wconf 82' lang='grc' dir='ltr'>καὶ</span> <span class='ocrx_word' id='word_1_187' title='bbox 632 2364 943 2428; x_wconf 84' lang='grc' dir='ltr'>τρίβραχυν,</span> <span class='ocrx_word' id='word_1_188' title='bbox 995 2365 1080 2415; x_wconf 89' lang='grc' dir='ltr'>καὶ</span> <span class='ocrx_word' id='word_1_189' title='bbox 1130 2365 1416 2416; x_wconf 80' lang='grc' dir='ltr'>δάκτυλον·</span> <span class='ocrx_word' id='word_1_190' title='bbox 1473 2365 1608 2416; x_wconf 88' lang='grc' dir='ltr'>κατὰ</span> <span class='ocrx_word' id='word_1_191' title='bbox 1662 2365 1721 2415; x_wconf 81' lang='grc' dir='ltr'>δὲ</span> <span class='ocrx_word' id='word_1_192' title='bbox 1767 2364 1862 2415; x_wconf 73' lang='grc' dir='ltr'>τὰς</span> 
     </span>
    </p>

    <p class='ocr_par' dir='ltr' id='par_1_10' title="bbox 3 2488 1860 2595">
     <span class='ocr_line' id='line_1_27' title="bbox 3 2488 1860 2595; baseline 0.001 -60"><span class='ocrx_word' id='word_1_193' title='bbox 3 2488 20 2574; x_wconf 63' lang='grc' dir='ltr'>ξ</span> <span class='ocrx_word' id='word_1_194' title='bbox 171 2555 224 2594; x_wconf 82' lang='lat'>27</span> <span class='ocrx_word' id='word_1_195' title='bbox 269 2498 358 2595; x_wconf 79' lang='lat'>1172</span> <span class='ocrx_word' id='word_1_196' title='bbox 377 2490 690 2551; x_wconf 65' lang='grc' dir='ltr'>πραγματεία]</span> <span class='ocrx_word' id='word_1_197' title='bbox 727 2498 914 2547; x_wconf 80' lang='lat'>181‚11.</span> <span class='ocrx_word' id='word_1_198' title='bbox 956 2498 1153 2549; x_wconf 82' lang='lat'>246‚16;</span> <span class='ocrx_word' id='word_1_199' title='bbox 1193 2494 1298 2538; x_wconf 80' lang='lat' dir='ltr'><strong>fort.</strong></span> <span class='ocrx_word' id='word_1_200' title='bbox 1337 2494 1446 2538; x_wconf 84' lang='lat' dir='ltr'>inde</span> <span class='ocrx_word' id='word_1_201' title='bbox 1485 2494 1592 2536; x_wconf 82' lang='lat' dir='ltr'><strong>flux.</strong></span> <span class='ocrx_word' id='word_1_202' title='bbox 1627 2494 1711 2536; x_wconf 89' lang='lat' dir='ltr'>An.</span> <span class='ocrx_word' id='word_1_203' title='bbox 1739 2492 1860 2536; x_wconf 81' lang='lat' dir='ltr'>Chis.</span> 
     </span>
    </p>

    <p class='ocr_par' dir='ltr' id='par_1_11' title="bbox 4 2577 306 2628">
     <span class='ocr_line' id='line_1_28' title="bbox 4 2577 306 2628; baseline 0 -33"><span class='ocrx_word' id='word_1_204' title='bbox 4 2577 18 2628; x_wconf 44' lang='grc' dir='ltr'>ί</span> <span class='ocrx_word' id='word_1_205' title='bbox 230 2587 240 2607; x_wconf 87' lang='grc'><em>,</em></span> <span class='ocrx_word' id='word_1_206' title='bbox 299 2588 306 2595; x_wconf 95' lang='grc'><strong>.</strong></span> 
     </span>
    </p>

    <p class='ocr_par' dir='ltr' id='par_1_12' title="bbox 7 2669 1860 2734">
     <span class='ocr_line' id='line_1_29' title="bbox 7 2669 1860 2734; baseline 0.001 -23"><span class='ocrx_word' id='word_1_207' title='bbox 7 2719 19 2734; x_wconf 36' lang='grc' dir='ltr'>ι</span> <span class='ocrx_word' id='word_1_208' title='bbox 292 2675 311 2711; x_wconf 98' lang='grc'>1</span> <span class='ocrx_word' id='word_1_209' title='bbox 347 2677 450 2721; x_wconf 84' lang='grc' dir='ltr'>ταῖς</span> <span class='ocrx_word' id='word_1_210' title='bbox 483 2671 556 2726; x_wconf 70' lang='lat' dir='ltr'>UH</span> <span class='ocrx_word' id='word_1_211' title='bbox 583 2675 606 2713; x_wconf 83' lang='lat'><strong>2</strong></span> <span class='ocrx_word' id='word_1_212' title='bbox 641 2671 724 2726; x_wconf 80' lang='grc' dir='ltr'>μὲν</span> <span class='ocrx_word' id='word_1_213' title='bbox 758 2672 804 2714; x_wconf 75' lang='lat' dir='ltr'>et</span> <span class='ocrx_word' id='word_1_214' title='bbox 836 2676 860 2713; x_wconf 89' lang='lat'><strong>3</strong></span> <span class='ocrx_word' id='word_1_215' title='bbox 896 2671 945 2714; x_wconf 79' lang='grc' dir='ltr'>δὲ</span> <span class='ocrx_word' id='word_1_216' title='bbox 979 2684 1066 2715; x_wconf 91' lang='lat' dir='ltr'>om.</span> <span class='ocrx_word' id='word_1_217' title='bbox 1095 2671 1171 2727; x_wconf 73' lang='lat' dir='ltr'>UH</span> <span class='ocrx_word' id='word_1_218' title='bbox 1195 2676 1221 2713; x_wconf 89' lang='lat'>4</span> <span class='ocrx_word' id='word_1_219' title='bbox 1254 2671 1347 2715; x_wconf 84' lang='grc' dir='ltr'>ἐκεὶ</span> <span class='ocrx_word' id='word_1_220' title='bbox 1381 2672 1506 2726; x_wconf 71' lang='lat' dir='ltr'>U115</span> <span class='ocrx_word' id='word_1_221' title='bbox 1533 2669 1686 2713; x_wconf 77' lang='grc' dir='ltr'>διὰ-</span> <span class='ocrx_word' id='word_1_222' title='bbox 1709 2674 1731 2710; x_wconf 87' lang='grc'><strong>7</strong></span> <span class='ocrx_word' id='word_1_223' title='bbox 1764 2686 1860 2724; x_wconf 88' lang='grc' dir='ltr'>τρι-</span> 
     </span>
    </p>

    <p class='ocr_par' dir='ltr' id='par_1_13' title="bbox 4 2728 1861 2808">
     <span class='ocr_line' id='line_1_30' title="bbox 4 2728 1861 2808; baseline 0 -37"><span class='ocrx_word' id='word_1_224' title='bbox 4 2740 19 2808; x_wconf 57' lang='grc' dir='ltr'>ἰ</span> <span class='ocrx_word' id='word_1_225' title='bbox 171 2728 422 2786; x_wconf 83' lang='grc' dir='ltr'>συλλάβους</span> <span class='ocrx_word' id='word_1_226' title='bbox 446 2743 533 2773; x_wconf 87' lang='lat' dir='ltr'>om.</span> <span class='ocrx_word' id='word_1_227' title='bbox 556 2731 599 2775; x_wconf 92' lang='lat' dir='ltr'><em>U</em></span> <span class='ocrx_word' id='word_1_228' title='bbox 615 2731 629 2786; x_wconf 82' lang='grc' dir='ltr'>ΙΙ</span> <span class='ocrx_word' id='word_1_229' title='bbox 655 2734 677 2772; x_wconf 84' lang='grc'>7</span> <span class='ocrx_word' id='word_1_230' title='bbox 697 2729 752 2772; x_wconf 83' lang='grc' dir='ltr'>τὰ</span> <span class='ocrx_word' id='word_1_231' title='bbox 779 2744 866 2773; x_wconf 90' lang='lat' dir='ltr'>om.</span> <span class='ocrx_word' id='word_1_232' title='bbox 889 2731 931 2774; x_wconf 91' lang='lat' dir='ltr'><em>U</em></span> <span class='ocrx_word' id='word_1_233' title='bbox 948 2733 961 2784; x_wconf 83' lang='grc' dir='ltr'>ΙΙ</span> <span class='ocrx_word' id='word_1_234' title='bbox 987 2736 1011 2772; x_wconf 85' lang='grc'><strong>9</strong></span> <span class='ocrx_word' id='word_1_235' title='bbox 1039 2729 1348 2787; x_wconf 81' lang='grc' dir='ltr'>ἐπεκράτησεν</span> <span class='ocrx_word' id='word_1_236' title='bbox 1374 2730 1538 2786; x_wconf 76' lang='lat' dir='ltr'>scripsi</span> <span class='ocrx_word' id='word_1_237' title='bbox 1564 2729 1638 2786; x_wconf 81' lang='lat' dir='ltr'>(ef.</span> <span class='ocrx_word' id='word_1_238' title='bbox 1659 2732 1861 2784; x_wconf 82' lang='lat'>225‚11)‚</span> 
     </span>
    </p>
   </div>
   <div class='ocr_carea' id='block_1_4' title="bbox 4 2787 1863 3168">
    <p class='ocr_par' dir='ltr' id='par_1_14' title="bbox 6 2787 1863 2925">
     <span class='ocr_line' id='line_1_31' title="bbox 16 2787 1862 2846; baseline -0.002 -12"><span class='ocrx_word' id='word_1_239' title='bbox 16 2831 18 2834; x_wconf 91' lang='lat'>.</span> <span class='ocrx_word' id='word_1_240' title='bbox 171 2787 419 2843; x_wconf 78' lang='grc' dir='ltr'>ἐκράτησεν</span> <span class='ocrx_word' id='word_1_241' title='bbox 454 2789 555 2832; x_wconf 89' lang='lat' dir='ltr'>UK</span> <span class='ocrx_word' id='word_1_242' title='bbox 607 2792 612 2844; x_wconf 91' lang='grc' dir='ltr'>Ι</span> <span class='ocrx_word' id='word_1_243' title='bbox 670 2789 751 2831; x_wconf 82' lang='grc' dir='ltr'>καὶ</span> <span class='ocrx_word' id='word_1_244' title='bbox 790 2795 942 2832; x_wconf 76' lang='grc' dir='ltr'>ποιεῖν</span> <span class='ocrx_word' id='word_1_245' title='bbox 979 2790 1022 2834; x_wconf 91' lang='lat' dir='ltr'><em>U</em></span> <span class='ocrx_word' id='word_1_246' title='bbox 1068 2791 1082 2846; x_wconf 88' lang='grc' dir='ltr'>ΙΙ</span> <span class='ocrx_word' id='word_1_247' title='bbox 1138 2794 1191 2832; x_wconf 92' lang='grc'>10</span> <span class='ocrx_word' id='word_1_248' title='bbox 1219 2787 1303 2833; x_wconf 60' lang='lat' dir='ltr'>‘Ian</span> <span class='ocrx_word' id='word_1_249' title='bbox 1324 2817 1377 2822; x_wconf 93' lang='lat'>—</span> <span class='ocrx_word' id='word_1_250' title='bbox 1400 2795 1452 2832; x_wconf 81' lang='lat'>12</span> <span class='ocrx_word' id='word_1_251' title='bbox 1486 2790 1559 2833; x_wconf 77' lang='grc' dir='ltr'>ἀν.</span> <span class='ocrx_word' id='word_1_252' title='bbox 1593 2788 1641 2831; x_wconf 83' lang='lat' dir='ltr'>in</span> <span class='ocrx_word' id='word_1_253' title='bbox 1674 2789 1728 2832; x_wconf 92' lang='lat' dir='ltr'><strong><em>K</em></strong></span> <span class='ocrx_word' id='word_1_254' title='bbox 1754 2791 1862 2844; x_wconf 75' lang='lat' dir='ltr'>post</span> 
     </span>
     <span class='ocr_line' id='line_1_32' title="bbox 6 2846 1863 2925; baseline 0.001 -36"><span class='ocrx_word' id='word_1_255' title='bbox 6 2862 25 2925; x_wconf 45' lang='lat' dir='ltr'>g,-</span> <span class='ocrx_word' id='word_1_256' title='bbox 172 2851 271 2899; x_wconf 81' lang='grc'>227,</span> <span class='ocrx_word' id='word_1_257' title='bbox 293 2853 343 2890; x_wconf 90' lang='grc'>11</span> <span class='ocrx_word' id='word_1_258' title='bbox 378 2850 392 2903; x_wconf 76' lang='lat'>11</span> <span class='ocrx_word' id='word_1_259' title='bbox 426 2853 479 2890; x_wconf 87' lang='lat'>16</span> <span class='ocrx_word' id='word_1_260' title='bbox 506 2847 789 2891; x_wconf 80' lang='grc' dir='ltr'>ἐνταῦθα-</span> <span class='ocrx_word' id='word_1_261' title='bbox 812 2853 864 2890; x_wconf 89' lang='grc'>19</span> <span class='ocrx_word' id='word_1_262' title='bbox 899 2846 1067 2906; x_wconf 85' lang='grc' dir='ltr'>ἰάμβου</span> <span class='ocrx_word' id='word_1_263' title='bbox 1101 2862 1190 2892; x_wconf 90' lang='lat' dir='ltr'>om.</span> <span class='ocrx_word' id='word_1_264' title='bbox 1227 2850 1271 2894; x_wconf 91' lang='lat' dir='ltr'><em>U</em></span> <span class='ocrx_word' id='word_1_265' title='bbox 1301 2851 1315 2904; x_wconf 78' lang='grc' dir='ltr'><strong><em>Η</em></strong></span> <span class='ocrx_word' id='word_1_266' title='bbox 1357 2854 1408 2892; x_wconf 86' lang='grc'>19</span> <span class='ocrx_word' id='word_1_267' title='bbox 1441 2846 1782 2904; x_wconf 75' lang='grc' dir='ltr'>πενθημιμερὲς</span> <span class='ocrx_word' id='word_1_268' title='bbox 1814 2849 1863 2891; x_wconf 70' lang='lat' dir='ltr'>eb</span> 
     </span>
    </p>

    <p class='ocr_par' dir='ltr' id='par_1_15' title="bbox 4 2905 1859 3168">
     <span class='ocr_line' id='line_1_33' title="bbox 171 2905 1859 2964; baseline 0.001 -16"><span class='ocrx_word' id='word_1_269' title='bbox 171 2909 227 2947; x_wconf 85' lang='grc'>20</span> <span class='ocrx_word' id='word_1_270' title='bbox 261 2905 573 2962; x_wconf 78' lang='grc' dir='ltr'>ἑφθημιμερὲς</span> <span class='ocrx_word' id='word_1_271' title='bbox 606 2907 698 2962; x_wconf 85' lang='grc' dir='ltr'>ΚΗ</span> <span class='ocrx_word' id='word_1_272' title='bbox 730 2911 785 2949; x_wconf 90' lang='grc'>20</span> <span class='ocrx_word' id='word_1_273' title='bbox 818 2905 956 2963; x_wconf 74' lang='grc' dir='ltr'>ἥμισυ</span> <span class='ocrx_word' id='word_1_274' title='bbox 988 2921 1075 2950; x_wconf 91' lang='lat' dir='ltr'>om.</span> <span class='ocrx_word' id='word_1_275' title='bbox 1103 2908 1145 2951; x_wconf 91' lang='lat' dir='ltr'><em>U</em></span> <span class='ocrx_word' id='word_1_276' title='bbox 1172 2910 1185 2964; x_wconf 90' lang='grc' dir='ltr'>ΙΙ</span> <span class='ocrx_word' id='word_1_277' title='bbox 1218 2913 1272 2951; x_wconf 92' lang='grc'>22</span> <span class='ocrx_word' id='word_1_278' title='bbox 1317 2910 1359 2953; x_wconf 91' lang='lat' dir='ltr'><em>U</em></span> <span class='ocrx_word' id='word_1_279' title='bbox 1385 2908 1490 2951; x_wconf 81' lang='lat' dir='ltr'><strong>add.</strong></span> <span class='ocrx_word' id='word_1_280' title='bbox 1525 2906 1689 2961; x_wconf 79' lang='grc' dir='ltr'>πράξις</span> <span class='ocrx_word' id='word_1_281' title='bbox 1721 2905 1775 2949; x_wconf 90' lang='grc' dir='ltr'>ε’.</span> <span class='ocrx_word' id='word_1_282' title='bbox 1807 2933 1859 2937; x_wconf 93' lang='lat'>——</span> 
     </span>
     <span class='ocr_line' id='line_1_34' title="bbox 4 2932 1260 3168; baseline 0.002 -161"><span class='ocrx_word' id='word_1_283' title='bbox 4 2932 35 3168; x_wconf 58' lang='grc' dir='ltr'><strong>ἰ</strong></span> <span class='ocrx_word' id='word_1_284' title='bbox 171 2965 276 3018; x_wconf 85' lang='grc' dir='ltr'>περὶ</span> <span class='ocrx_word' id='word_1_285' title='bbox 308 2982 373 3019; x_wconf 88' lang='grc' dir='ltr'>τρ.</span> <span class='ocrx_word' id='word_1_286' title='bbox 401 2965 479 3009; x_wconf 76' lang='lat' dir='ltr'>K2</span> <span class='ocrx_word' id='word_1_287' title='bbox 511 2965 559 3007; x_wconf 86' lang='lat' dir='ltr'>in</span> <span class='ocrx_word' id='word_1_288' title='bbox 591 2981 681 3022; x_wconf 86' lang='lat' dir='ltr'>mg.</span> <span class='ocrx_word' id='word_1_289' title='bbox 709 2968 804 3021; x_wconf 71' lang='grc'>1124</span> <span class='ocrx_word' id='word_1_290' title='bbox 838 2967 916 3009; x_wconf 81' lang='grc' dir='ltr'>καὶ</span> <span class='ocrx_word' id='word_1_291' title='bbox 950 2966 1054 3022; x_wconf 81' lang='lat' dir='ltr'>(bis)</span> <span class='ocrx_word' id='word_1_292' title='bbox 1090 2981 1179 3010; x_wconf 89' lang='lat' dir='ltr'>om.</span> <span class='ocrx_word' id='word_1_293' title='bbox 1206 2968 1260 3010; x_wconf 91' lang='lat' dir='ltr'><strong><em>K</em></strong></span> 
     </span>
    </p>
   </div>
  </div>
 </body>
</html>
