2090 3158
627 173 722 214 XV.
769 173 913 212 ΠΕΡΙ
943 171 1409 214 ΑΣΤΝΑΡΤΗΤΩΝ.
1794 171 1864 223 47

961 334 1078 388 XV.

682 455 844 523 Περὶ
886 453 1366 523 ἀσυναρτήτων.

286 572 367 639 (1)
412 575 631 625 Γίνεται
673 570 733 625 δὲ
772 570 863 625 καὶ
903 571 1276 642 ἀσυνάρτητα,
1327 572 1536 626 ὁπόταν
1575 574 1678 626 δύο
1718 577 1866 625 κῶλα

173 654 246 722 μὴ
278 654 559 720 δυνάμενα
584 653 840 722 ἀλλήλοις
872 659 1289 722 συναρτηθῆναι
1315 654 1454 723 μηδὲ
1487 653 1689 707 ἕνωσιν
1720 652 1866 723 ἔχειν

173 734 296 788 ἀντὶ
336 734 459 798 ἑνὸς
496 738 673 802 μόνου
713 736 1203 804 παραλαμβάνηται
1243 738 1448 805 στίχου.

42 887 140 946 [88]
283 884 371 952 (2)
405 887 636 953 Πρῶτος
668 884 729 936 δὲ
760 882 850 936 καὶ
881 884 1099 946 τούτοις
1134 883 1442 952 Ἀρχίλοχος
1474 882 1749 952 κέχρηται·
1790 892 1864 952 πῆ

171 962 273 1034 μὲν
313 966 416 1035 γὰρ
458 965 715 1034 ἐποίησεν
753 963 821 1019 ἔκ
866 985 931 1018 τε
979 964 1460 1018 ἀναπαιστικοῦ
1500 964 1864 1035 ἑφθημιμε-

172 1054 327 1115 ροῦς
366 1045 470 1100 καὶ
511 1054 866 1117 τροχαῖκοῦ
905 1046 1160 1115 ἡμιολίου
1210 1054 1310 1099 τοῦ
1350 1046 1696 1114 καλουμένου
1739 1049 1864 1099 ι’θυ-

172 1131 445 1195 φαλλικοῦ
487 1127 670 1199 (Arch.
708 1126 800 1200 79)

406 1209 766 1280 Ἐρασμονίδη
807 1214 1065 1279 Χαρίλαε,
1105 1210 1285 1280 χρῆμά
1323 1231 1406 1263 τοι
1449 1214 1681 1279 γελοῖον.

291 1295 464 1344 Τοῦτο
506 1289 566 1344 δὲ
608 1293 660 1345 οἱ
700 1291 823 1358 μετ’
854 1292 1027 1345 αὐτὸν
1060 1292 1159 1360 οὐχ
1194 1291 1393 1358 ὁμοίως
1419 1292 1566 1363 αὐτῷ
1600 1295 1862 1361 ἔγραψαν.

171 1368 334 1435 οὗτος
391 1374 491 1439 μὲν
550 1374 653 1443 γὰρ
704 1382 768 1443 τῇ
819 1393 876 1425 τε
927 1381 1063 1443 τομῇ
1118 1372 1201 1425 δι’
1247 1373 1381 1426 ὅλου
1434 1373 1686 1442 κέχρηται
1739 1373 1862 1443 [τοῦ

171 1453 609 1524 ἑφθημιμεροῦς]
658 1455 747 1507 καὶΙ
796 1456 1125 1517 σπονδείους
1170 1454 1478 1524 παρέλαβεν
1527 1455 1586 1508 ἐν
1625 1461 1698 1526 τῷ
1734 1455 1862 1507 ἀνα-

168 1543 434 1608 παιστικῷ
467 1538 642 1608 κώλῳ,
684 1530 807 1589 οἷον
844 1534 1027 1608 (Aroh.
1062 1535 1156 1607 81)

319 1617 501 1670 ἀστῶν
526 1619 557 1670 δ
574 1616 585 1636 ’
610 1619 663 1670 οἱ
688 1615 788 1686 μὲν
813 1617 939 1670 κατ’
963 1620 1199 1671 ὄπισθεν
1224 1615 1384 1686 ἦσαν·
1412 1619 1464 1670 οἱ
1491 1615 1551 1670 δὲ
1575 1619 1793 1671 πολλοί·

80 1706 136 1745 48
170 1699 222 1750 οἱ
262 1695 322 1751 δε
363 1698 487 1767 μετ’
526 1699 697 1752 αὐτὸν
742 1708 805 1769 τῇ
853 1720 955 1766 μεν
1000 1708 1136 1770 τομῇ
1185 1699 1502 1770 ἀδιαφόρως
1542 1698 1861 1769 ἐχρήσαντο,

171 1781 352 1848 ὥσπερ
396 1783 677 1881 Κρατῖνος
711 1779 867 1851 (323)

318 1861 485 1931 χαῖρ’,
527 1859 568 1914 ὦ
607 1861 735 1931 μέγ’
768 1862 1127 1931 ἀχρειόγελως
1158 1863 1312 1931 ὄμιλε
1351 1873 1470 1926 ταῖς
1502 1862 1767 1931 ἑπίβδαις,

316 1951 412 2012 τῆς
450 1943 712 2013 ἡμετέρας
751 1946 950 2012 σοφίας
988 1946 1175 2013 κριτὴς
1214 1945 1401 2014 αριστε
1436 1946 1685 1997 πάντων·

317 2023 599 2091 εὐδάιμον’
643 2024 820 2078 ἔτικτέ
855 2041 915 2078 σε
955 2028 1128 2095 μήτηρ
1171 2028 1364 2096 ἰκρίων
1401 2028 1665 2094 ψόφησις·

37 2109 134 2168 [89]
170 2104 440 2176 (ἐνταῦθα
490 2108 595 2175 γὰρ
648 2107 847 2174 ὁμοίως
895 2108 956 2160 τὸ
1008 2112 1197 2175 τρίτον
1234 2108 1489 2177 τέτμηται
1527 2116 1643 2169 τοῖς
1692 2106 1861 2177 Ἀρχι-

171 2189 420 2256 λοχείοις,
459 2189 525 2240 τὰ
564 2185 624 2240 δὲ
665 2189 769 2258 πρὸ
804 2189 975 2241 αὐτοῦ
1010 2190 1112 2242 δύο
1145 2190 1251 2259 πρὸ
1287 2189 1600 2258 συλλαβῆς.)
1654 2191 1738 2257 (3)
1769 2188 1859 2242 καὶ

169 2267 355 2336 μέντοι
426 2268 515 2322 καὶ
585 2272 714 2332 τοὺς
776 2272 1107 2333 σπονδείους
1160 2273 1543 2340 παρῃτήσαντο
1613 2273 1742 2332 τοὺς
1799 2269 1861 2323 ἐν

289 2434 403 2473 3-5
435 2430 492 2473 Is.
519 2430 669 2474 Tzetz.
695 2430 781 2473 ΑΡ
804 2431 825 2474 Ι
851 2435 920 2484 94,
938 2436 1126 2475 28—31.
1160 2431 1275 2475 Mar.
1294 2431 1413 2475 Vict.
1434 2431 1497 2474 VI
1523 2436 1619 2483 102,
1640 2436 1707 2474 26.
1743 2431 1855 2474 Mar.

174 2488 288 2531 Plot.
307 2488 370 2532 VI
395 2493 494 2541 543,
516 2495 582 2533 14.
618 2495 717 2543 545,
739 2494 791 2532 15
808 2517 861 2522 —
879 2496 978 2543 546,
998 2496 1036 2534 9.
1058 2517 1112 2523 -—
1138 2491 1435 2548 ἀσυνάρτητα
1466 2491 1615 2534 Diom.
1642 2491 1662 2532 I
1687 2495 1785 2541 501,
1803 2495 1855 2533 31

289 2634 313 2671 3
347 2630 426 2672 καὶ
452 2643 538 2672 om.
563 2632 627 2687 ΙΙΙ
651 2635 676 2673 5
703 2629 848 2686 μόνον
875 2645 962 2674 om.
982 2631 1087 2675 IIs.
1107 2631 1256 2675 TzetZ.
1287 2632 1293 2689 Ι
1320 2630 1768 2688 παραλαμβάνονται
1794 2632 1826 2673 Ι
1845 2633 1859 2684 ΙΙ

170 2692 195 2729 6
230 2689 308 2731 καὶ
341 2702 428 2732 om.
462 2690 495 2731 Ι
535 2693 549 2745 ΙΙ
595 2694 621 2732 8
654 2697 901 2747 τροχαῖκῆς
933 2689 1138 2735 Studem
1186 2693 1200 2746 ΙΙ
1249 2695 1303 2733 10
1335 2697 1487 2747 χρῆμα
1520 2707 1590 2734 τοι
1623 2692 1663 2743 Ι,
1706 2690 1858 2746 χρῆμά

170 2762 213 2789 τι
238 2748 282 2790 Α
305 2749 320 2803 Η
347 2752 458 2790 12—
466 2753 518 2790 13
551 2765 588 2792 τ.
624 2748 734 2804 ἑφθ.
770 2749 944 2803 delevi,
975 2757 1059 2794 τοῦ
1092 2764 1178 2793 om.
1175 2752 1263 2820 ΙΙΙ
1291 2754 1345 2793 14
1378 2751 1504 2792 κωλω
1530 2750 1588 2802 Α,
1622 2749 1770 2792 κύκλω
1794 2750 1856 2800 H,

171 2808 294 2849 κῶλα
334 2806 420 2851 δύο
461 2809 495 2850 Ι
537 2810 551 2863 ΙΙ
603 2812 656 2851 15
698 2806 984 2852 κατόπισθεν
1018 2811 1052 2853 Ι
1102 2812 1106 2865 Ι
1164 2823 1342 2867 ησαν
1324 2808 1539 2852 Meineke
1589 2811 1602 2864 ΙΙ
1659 2813 1710 2851 17
1752 2810 1860 2864 post

171 2867 401 2966 ξέαέἴνιρς
433 2866 540 2910 add.
570 2867 604 2909 I
631 2867 679 2911 ἐν
714 2874 811 2918 τοῖς
846 2868 1072 2917 τοιούτοις
1117 2870 1131 2924 ΙΙ
1178 2873 1233 2911 20
1274 2866 1508 2923 εὐδαίμων
1541 2869 1589 2921 Ι,
1633 2867 1858 2922 εύδαιμον

239 2939 266 2966 u
292 2938 339 2967 sc

1913 761 1935 794 5

1890 1235 1935 1266 10

1887 1643 1932 1674 15
