2090 3158
581 181 644 221 ix
662 181 799 222 ³—x
818 191 835 222 1
868 180 1011 220 ΠΕΡΙ
1042 179 1543 221 ΑΝΤῙΣΠΑΣΤΙΚΟΤ
1802 178 1903 229 141

219 317 356 386 βικῷ
397 321 497 367 τοῦ
536 315 758 383 πρώτου
798 314 970 377 ποδὸς
1008 315 1308 367 σπονδειόυ
1348 311 1790 381 λαμβανομένου·
1840 314 1907 366 οὐ

218 396 322 465 γὰρ
363 394 610 463 ἐμπίπτει
652 394 713 448 ἐν
750 403 865 458 τοῖς
907 396 1199 464 ἰαμβικοῖςτ
1238 426 1311 432 -
1335 394 1444 447 ΑΟ

961 593 1085 663 Cap.
1110 595 1172 647 X.

103 723 186 762 183
338 715 410 767 To
458 713 886 767 ἀντισπαστικὸν
930 713 1142 782 δέχεται
1181 714 1279 766 τὸν
1317 723 1540 780 πρῶτον
1578 713 1721 766 πόδα
1761 712 1908 766 ἀντί-

10 863 12 866 .
88 800 185 858 [59]
219 809 465 848 σπαστον
511 795 543 864 ἢ
592 795 870 864 ἐπίτριτον
917 794 1176 864 τέταρτον
1221 794 1253 863 ἢ
1305 797 1519 847 παίωνα
1565 796 1824 864 <τρίτον>
1875 793 1907 862 ἢ
1956 821 1975 854 5

219 879 559 947 διτρόχαιον,
603 879 697 940 τὰς
737 877 798 930 δὲ
837 876 1004 944 μέσας
1044 875 1469 939 ἀντισπαστικὰς
1507 875 1598 929 καὶ
1640 876 1908 944 ιάμβικάς,

218 959 319 1027 τὴν
366 955 427 1011 δὲ
473 960 816 1026 τελευταίαν,
865 959 953 1011 ὅτε
993 956 1144 1011 ἐστὶν
1184 957 1582 1026 άκατάληκτον,
1632 959 1908 1027 ῑαμβικήν,

220 1040 334 1110 [ὅτε
389 1040 451 1093 δὲ
504 1040 922 1109 καταληκτικόν]
977 1041 1079 1107 τὴν
1133 1049 1251 1101 ταῖς
1306 1040 1584 1108 ἰαμβικαῑς
1639 1037 1910 1108 ἑπομένην

219 1123 485 1190 συζυγίαν
538 1120 880 1192 τρεπομένην
933 1122 1070 1174 κατὰ
1115 1121 1214 1174 τὸν
1263 1130 1483 1190 πρῶτον
1528 1121 1674 1174 πόδα
1721 1123 1797 1183 εἰς
1844 1122 1909 1173 τὰ

217 1202 453 1273 τέσσαρα
491 1211 592 1256 τοῦ
633 1203 976 1271 δισυλλάβου
1016 1204 1280 1271 σχήματα;
1322 1233 1391 1240 -
1416 1201 1644 1255 AGDI
1933 1230 1976 1261 10

329 1291 367 1360 †
393 1294 550 1345 ἰστέον
597 1295 670 1344 ὅτι
714 1294 766 1345 τὸ
815 1294 1190 1345 ἀντισπαστικὸν
1229 1296 1616 1360 τετρασύλλαβον
1654 1294 1712 1344 ὂν
1751 1295 1908 1354 πόδας

217 1369 312 1435 ἔχει
348 1368 431 1420 καὶ
471 1369 652 1429 αὐτοὺς
690 1370 1107 1435 τετρασυλλάβους
1146 1368 1214 1429 ἕξ·
1257 1363 1326 1418 ὧν
1359 1368 1384 1419 6
1425 1367 1512 1433 μὲν
1544 1377 1734 1434 πρῶτος
1765 1371 1908 1434 πούς,

218 1442 244 1494 6
283 1443 506 1509 καθαρὸς
546 1442 892 1508 ἀντίσπαστος,
944 1443 1191 1509 σύγκειται
1229 1442 1282 1493 ἐκ
1320 1444 1547 1508 βραχείας
1585 1442 1668 1493 καὶ
1707 1452 1908 1509 μακρῶν

219 1518 310 1567 δύο
364 1516 447 1568 καὶ
493 1518 739 1583 βραχείας·
796 1517 821 1568 6
870 1518 1092 1583 δεύτερος
1140 1516 1191 1567 δὲ
1237 1516 1320 1567 καὶ
1367 1518 1418 1566 οἱ
1463 1517 1640 1582 ἐφεξῆς
1688 1517 1909 1583 δέχονται

217 1590 301 1641 καὶ
348 1591 546 1656 ἴαμβον·
595 1592 670 1641 ’ὅτε
718 1585 808 1641 οὖν
858 1591 1086 1657 καθαρόν
1133 1591 1261 1642 ἐστιν
1301 1590 1693 1656 ἀντισπαστικόν,
1739 1592 1842 1642 τότε
1882 1591 1907 1643 6
1934 1614 1975 1646 15

218 1674 408 1731 πρῶτος
455 1665 581 1725 ποὺς
628 1664 653 1716 6
694 1665 746 1716 ἐκ
785 1666 875 1716 δύο
917 1667 1159 1732 συζυγιῶν
1207 1666 1543 1731 συγκείμενος,
1594 1664 1753 1732 ἤγουν
1793 1671 1906 1716 συλ-

218 1740 383 1804 λαβῶν
430 1740 699 1805 τεσσάρων,
745 1739 836 1804 τὴν
882 1740 1082 1805 πρώτην
1129 1738 1281 1789 αὐτοῦ
1330 1740 1565 1806 συζυγίαν
1604 1740 1907 1806 τρεπομένην

217 1813 311 1879 ἔχει
351 1812 381 1879 ἢ
422 1815 490 1873 εἰς
530 1813 771 1879 ἐπίτριτον
810 1813 1032 1879 τέταρτον
1072 1813 1104 1879 ἢ
1145 1815 1213 1873 εἰς
1259 1815 1455 1864 παίωνα
1495 1814 1721 1880 δεύτερον
1761 1813 1792 1880 ἢ
1834 1815 1906 1864 δι-

219 1888 462 1953 τρόχαιον·
518 1888 563 1938 εἰ
615 1887 702 1952 μὲν
756 1888 847 1954 γὰρ
902 1888 992 1952 τὴν
1046 1889 1277 1954 βραχεῖαν
1330 1887 1421 1952 τὴν
1475 1889 1675 1954 πρώτην
1721 1889 1905 1960 ποιήσῃ

219 1963 435 2027 μακράν,
498 1962 739 2027 ἐπίτριτον
800 1961 1024 2027 τέταρτον
1085 1968 1234 2012 ποιεῖ’
1306 1963 1349 2012 εἰ
1410 1961 1461 2012 δὲ
1523 1962 1613 2027 τὴν
1677 1962 1907 2029 δευτέραν
1933 1984 1978 2016 20

218 2034 372 2085 αὐτοῦ
442 2036 716 2101 συλλαβήν,
784 2036 875 2100 τὴν
944 2037 1160 2102 μακράν,
1230 2037 1298 2096 εἰς
1367 2038 1598 2102 βραχεῖαν
1667 2039 1906 2107 συστείλῃ,

218 2111 414 2160 παίωνα
461 2110 688 2175 δεύτερον
736 2112 1036 2160 συνίσταται·
1094 2111 1136 2160 εἰ
1182 2109 1234 2160 δὲ
1280 2110 1370 2175 τὴν
1417 2111 1617 2176 πρώτην
1657 2111 1906 2176 συλλαβὴν

217 2184 402 2254 ποιήσῃ
451 2186 667 2249 μακράν,
714 2184 805 2248 τὴν
852 2183 903 2234 δὲ
951 2181 1051 2249 μετ’
1095 2184 1252 2248 αὐτὴν
1299 2186 1554 2250 βραχεῖαν,
1610 2185 1905 2251 διτρόχαιον·

218 2259 263 2308 εἰ
308 2257 359 2308 δὲ
407 2266 492 2323 τῆς
539 2257 765 2323 δευτέρας
813 2260 1044 2324 συζυγίας
1086 2258 1176 2323 τὴν
1216 2259 1409 2324 μακρὰν
1448 2260 1516 2318 εἰς
1555 2260 1786 2324 βραχεῖαν
1824 2259 1907 2309 καὶ

218 2331 309 2396 τὴν
364 2333 594 2398 βραχεῖαν
649 2334 717 2392 εἰς
773 2333 964 2397 μακρὰν
1020 2332 1242 2397 ἀμείψει,
1295 2332 1386 2397 τὴν
1433 2333 1632 2398 πρώτην
1681 2332 1732 2383 δὲ
1785 2334 1908 2384 κατὰ
1932 2352 1975 2385 25

219 2406 381 2471 χώραν
421 2406 549 2456 ἐάσει
589 2406 767 2471 μένειν,
814 2405 971 2472 ἤγουν
1011 2407 1242 2472 βραχεῖαν
1280 2406 1363 2457 καὶ
1403 2408 1611 2472 μακράν,
1654 2413 1791 2457 ποιεῖ
1823 2408 1907 2458 τὸν

219 2480 472 2545 διίαμβονε
512 2509 584 2514 -
617 2483 666 2529 D

342 2642 363 2679 1
390 2638 552 2693 inepta
577 2636 856 2681 scholiastae
882 2637 1132 2693 explicatio
1156 2640 1170 2694 Η
1195 2643 1220 2681 5
1241 2635 1396 2692 τρίτον
1414 2638 1569 2692 Pauw‚
1587 2638 1804 2692 δεύτερον
1821 2640 1911 2683 DI

221 2695 378 2739 Choer.
408 2701 476 2749 75,
498 2701 566 2750 19,
597 2695 816 2750 τέταρτον
839 2696 894 2739 Is.
911 2696 1062 2740 Tzetz.
1082 2697 1168 2741 AO
1193 2698 1255 2740 III
1282 2703 1380 2750 312,
1398 2702 1450 2740 17
1477 2700 1490 2753 ΙΙ
1516 2701 1541 2740 8
1575 2695 1648 2741 ὅτε
1682 2698 1731 2741 δὲ
1765 2714 1906 2741 κατα-

219 2755 436 2811 ληκτικὸν
476 2755 643 2799 seclusi
681 2755 834 2798 verbis
873 2755 1233 2811 Hephaestionis
1275 2762 1351 2809 31,
1378 2761 1433 2799 20
1475 2757 1661 2811 ductus,
1697 2756 1905 2813 Westph.

220 2814 371 2857 verbis
410 2814 599 2857 traditis
640 2814 836 2858 servatis
877 2815 983 2858 add.
1025 2817 1262 2872 βακχεῖον·
1307 2816 1390 2871 τὴν
1431 2815 1480 2860 δὲ
1522 2815 1905 2871 ἀντισπαστικὴνς

220 2871 362 2915 Pauw
392 2872 476 2928 τὴν
508 2881 610 2923 ταῖς
642 2874 669 2917 ἰ.
699 2874 766 2917 ἐπ.
794 2873 963 2917 lemma
994 2887 1094 2917 esse
1119 2875 1299 2918 censuit
1321 2877 1335 2931 ΙΙ
1362 2880 1414 2917 12
1441 2874 1585 2918 αὐτὸν
1611 2875 1658 2917 D
1683 2877 1696 2931 ΙΙ
1723 2879 1776 2918 18
1802 2875 1907 2919 δεύ-

220 2931 373 2990 τερον]
407 2932 462 2975 cf.
498 2947 638 2988 supra
670 2939 695 2976 5
720 2936 734 2988 Η
759 2937 814 2976 20
847 2931 1062 2988 τέταρτον
1095 2934 1272 2990 scripsi,
1304 2932 1459 2988 τρίτον
1494 2935 1541 2977 D
