2090 3158
188 196 224 246 4
377 195 799 236 ΗΦΑΙΣΤΙΩΝΟΣ
830 194 1220 235 ΕΓΧΕΙΡΙΔΙΟΝ
1253 195 1397 234 ΠΕΡΙ
1426 193 1685 235 ΜΕΤΡῼΝ.

190 329 477 398 Ἀρχελάου
518 331 692 398 ὄνομα
725 332 1019 397 Σοφοκλῆς
1055 326 1116 380 ἐν
1147 336 1264 389 ταῖς
1303 325 1565 395 ἐλεγείαις
1604 327 1705 380 οὐκ
1744 326 1877 399 ᾤετο

188 409 454 480 ἐγχωρεῖν
486 412 612 464 οὔτε
641 411 719 472 εἰς
752 407 881 472 ἔπος
906 411 1032 462 οὔτε
1062 410 1140 471 εἰς
1169 407 1429 476 ἐλεγεῖον·
1466 409 1602 478 φησὶ
1630 416 1771 476 γοῦν
1793 406 1878 480 (1)
1913 415 1981 474 [9]

412 491 721 561 Άρχέλεως·
760 487 831 559 ἦν
863 492 966 558 γὰρ
1001 491 1314 559 σύμμετρον
1346 485 1452 542 ὧδε
1483 489 1686 558 λέγειν·

188 572 278 626 καὶ
330 572 648 641 Παρθένιος
697 570 757 624 δὲ
805 572 1119 640 ἐπικήδειον
1165 572 1243 633 εἰς
1287 570 1602 641 Ἀρχελαΐδα
1648 571 1880 642 γράφων

145 676 164 709 5
191 655 502 723 ἐλεγειακὸν
541 655 640 707 τὸν
681 658 997 706 τελευταῖον
1035 653 1210 720 μόνον
1250 654 1440 720 στίχον
1481 651 1601 704 ἀντὶ
1634 650 1879 720 ἐλεγείου

193 737 448 805 ἰαμβικὸν
488 734 760 803 ἐποίησεν,
802 733 862 787 ἐν
900 727 946 805 ᾦ
984 735 1045 786 τὸ
1078 736 1252 802 ὄνομα
1285 731 1432 803 ἐρεῖν
1469 734 1691 799 ἔμελλεν
1724 730 1804 803 (2)

414 817 697 885 ἀμυσχρὸν
737 814 928 884 οὔνομ’
966 812 1139 868 ἔσσετ’
1175 813 1532 883 Ἀρχελαΐδος.

192 900 283 951 διὰ
322 906 485 951 τοῦτο
526 899 614 950 καὶ
653 896 778 962 παρ’
820 897 1030 968 Ὁμήρῳ
1071 895 1439 962 συστέλλομεν
1477 896 1579 963 τὴν

414 979 719 1048 Πηνελέοιο
761 979 994 1041 ἄνακτος
1033 977 1106 1049 (Ξ
1125 975 1276 1047 489).

125 1083 167 1114 ιο
184 1060 427 1114 Ῥίνθων
465 1061 566 1127 μὲν
607 1061 708 1130 γὰρ
749 1058 840 1112 καὶ
878 1058 940 1112 ἐν
982 1060 1157 1131 ἰάμβῳ
1192 1057 1552 1128 ἐπισημασίας
1590 1056 1787 1127 ἠξίωσε
1819 1058 1880 1110 τὸ

190 1150 468 1195 τοιοῦτον·
510 1141 570 1195 ἐν
610 1143 713 1211 γὰρ
746 1139 967 1211 Ὀρέστῃ
1009 1141 1246 1208 δράματί
1281 1154 1454 1208 φησιν
1494 1137 1614 1211 (10)

413 1223 441 1275 ὅ
483 1237 542 1276 σε
581 1225 863 1285 Διόνυσος
903 1222 1068 1284 αὐτὸς
1108 1220 1277 1289 ἐξώλη
1317 1223 1444 1289 θείη
1913 1230 2010 1288 [10]

192 1299 308 1358 εἶτα

405 1383 773 1448 Ἱππώνακτος
811 1386 871 1438 τὸ
911 1385 1135 1453 μέτρον·
1177 1383 1346 1437 οὐδέν
1383 1404 1478 1451 μοι
1517 1383 1682 1450 μέλει.

124 1488 165 1522 15
191 1468 273 1535 (0)
322 1468 464 1534 ὅμως
514 1467 700 1534 μέντοι
750 1468 840 1520 καὶ
892 1466 952 1519 ἐν
1002 1463 1194 1519 ἔπεσιν
1245 1465 1579 1535 εὑρίσκεται,
1623 1465 1695 1527 ὡς
1733 1465 1882 1532 παρὰ
1914 1475 2012 1534 [11]

193 1552 467 1620 Θεοκρίτῳ
510 1547 622 1619 (11,
650 1549 759 1619 18).

409 1631 623 1698 ὑψηλᾶς
663 1629 716 1692 ἐς
755 1632 961 1682 πόντον
1002 1629 1149 1699 ὁρῶν
1189 1630 1337 1682 ἄειδε
1368 1636 1614 1696 τοιαῦτα,

189 1712 275 1763 καὶ
315 1710 442 1780 παρ’
483 1711 695 1782 Ὁμήρῳ
737 1709 823 1782 (Ν
841 1709 974 1782 275)

307 1862 331 1899 9
367 1857 422 1900 cf.
457 1857 671 1900 Eustath.
706 1857 766 1899 ad
799 1860 834 1900 B
860 1862 946 1900 494
985 1872 1029 1913 p.
1059 1861 1158 1911 213,
1185 1860 1239 1899 25
1280 1859 1293 1913 ΙΙ
1335 1862 1388 1899 13
1427 1855 1586 1899 Choer
1621 1855 1670 1898 111
1702 1855 1876 1898 Theod.

188 1916 251 1958 IV
278 1921 300 1958 2
334 1932 377 1972 p
408 1920 474 1968 79,
505 1921 527 1958 7
560 1919 574 1972 ΙΙ
610 1921 661 1958 17
697 1916 838 1959 schol.
873 1917 922 1958 in
952 1916 1087 1960 Dion.
1115 1916 1222 1959 Thr.
1251 1920 1349 1969 350,
1377 1922 1401 1958 ἴ)
1435 1916 1495 1966 ὡς
1530 1913 1677 1969 παρὰ
1707 1912 1882 1958 πόντον

190 1974 311 2029 ὁρῶν
343 1951 474 2019 ἄειδέ
501 1977 728 2019 τοιαῦταῖ
788 1974 991 2027 σπανίως
1023 1977 1072 2020 δὲ
1105 1974 1236 2030 παρὰ
1265 1979 1327 2034 τῷ
1358 1982 1526 2032 ποιητῇ
1563 1971 1674 2018 Ηοῖδ
1714 1973 1883 2029 ἀρετὴν

190 2032 288 2084 οἶός
334 2036 446 2078 ἐσσι·
496 2033 540 2078 τί
584 2048 629 2077 σε
673 2034 757 2092 χρὴ
800 2043 947 2078 ταῦτα
991 2034 1255 2091 λέγεσθαιβ
1298 2035 1379 2078 καὶ
1421 2031 1759 2083 “’ἀνιπτόποδες
1801 2050 1882 2090 χα-

190 2094 431 2149 μαιεῦναι’
467 2094 547 2137 καὶ
583 2094 704 2144 “σύες
734 2094 1074 2167 χαμαιευνάδες
1106 2091 1306 2168 ἐρχατόω
1332 2094 1402 2138 το’
1439 2094 1478 2150 (ξ
1507 2095 1589 2149 15).
1654 2093 1736 2135 καὶ
1777 2091 1884 2142 ἴσως

190 2151 270 2196 διὰ
308 2151 359 2196 τὸ
402 2151 666 2208 φαντασίαν
707 2153 814 2196 τινὰ
856 2153 1076 2211 παρέχειν
1116 2151 1405 2210 ἀπηρτισθαι
1446 2152 1531 2208 τὴν
1571 2151 1692 2205 λέξιν
1732 2152 1782 2195 ἐν
1824 2155 1886 2209 τῷ

307 2294 562 2348 2ἐλεγεῖον
587 2294 692 2346 DI,
727 2293 823 2350 ἐλέγ
827 2311 929 2337 ειαν
953 2295 998 2337 Α
1026 2296 1031 2350 Ι
1059 2295 1200 2337 verba
1231 2295 1446 2350 ἐγχωρεῖν
1479 2293 1582 2336 οὔτε
1602 2319 1655 2324 —-
1674 2293 1871 2348 ἐλεγεῖον

189 2365 243 2394 ex
275 2355 441 2407 poetae
474 2352 672 2395 alicuius
706 2352 858 2409 elegia
892 2353 1074 2396 adscita
1107 2353 1288 2396 censuit
1318 2352 1494 2425 Bergk,
1528 2352 1668 2395 verba
1699 2351 1875 2396 οὔτε-

189 2409 391 2466 ἐλεγείαν
424 2411 561 2453 Tum
597 2411 786 2454 exhibet
818 2412 953 2466 quasi
986 2414 1168 2485 partem
1200 2425 1357 2455 versus
1395 2414 1400 2467 Ι
1437 2410 1460 2455 ὁ
1494 2413 1742 2467 Σοφοκλῆς
1774 2410 1881 2453 add.

191 2471 279 2513 Dl
307 2471 320 2524 ΙΙ
355 2474 377 2511 7
412 2468 646 2526 ἀμυσχρὸν
679 2485 905 2526 suprascr.
933 2468 1147 2527 ἀμαυρὸν
1179 2472 1227 2514 D
1257 2473 1260 2527 Ι
1291 2469 1450 2526 ουνομ’
1485 2468 1625 2527 ἔρχετ’
1655 2483 1879 2525 suprascr.

191 2527 323 2584 εἴχετ’
349 2529 397 2571 D
421 2531 434 2583 ΙΙ
461 2533 484 2571 9
518 2528 767 2584 πηνελάοιο
787 2532 833 2584 Ι,
858 2528 1140 2585 πηνελόποιο
1167 2544 1279 2572 corr.
1303 2529 1530 2574 111-λαοιο
1549 2530 1597 2572 D
1621 2530 1635 2584 ΙΙ
1663 2533 1716 2571 10
1742 2541 1882 2584 supra

192 2586 495 2643 ἐπισημασίας
535 2603 616 2631 scr.
661 2586 827 2644 σημείω
870 2589 917 2631 D
979 2591 993 2645 ΙΙ
1058 2594 1109 2631 12
1145 2602 1191 2632 σε
1235 2603 1322 2632 om.
1350 2590 1440 2632 DI
1500 2590 1506 2644 Ι
1569 2586 1708 2642 θείησ
1732 2589 1844 2631 ΑΗ
1873 2589 1886 2642 ΙΙ

196 2651 367 2688 13—14
414 2644 511 2689 εἶτα
555 2647 719 2702 scripsi
763 2649 810 2690 et
850 2662 877 2690 a
907 2661 1042 2690 versu
1084 2648 1250 2690 seclusi
1283 2647 1385 2691 colL
1423 2646 1598 2699 Choer„
1633 2644 1730 2690 εἷθ’
1769 2647 1879 2700 DI,

196 2702 268 2747 ἴθ’
308 2707 351 2747 Α
386 2705 559 2761 Dcnig,
600 2704 686 2749 εἰδ’
719 2708 789 2759 Η,
832 2708 872 2749 εἰ
905 2705 947 2750 δ’
979 2706 1166 2750 Wilam.
1253 2710 1257 2762 Ι
1339 2704 1646 2755 Ιππόνακτος
1677 2704 1880 2757 Wilam„

188 2761 527 2815 Ιπποανακτος
567 2765 739 2820 Denig,
782 2766 862 2808 sed
903 2765 959 2808 cf
995 2765 1153 2808 Chocr.
1184 2766 1232 2808 in
1266 2765 1437 2808 Theod.
1473 2764 1561 2808 GG
1591 2764 1655 2807 IV
1681 2769 1704 2806 2
1738 2779 1781 2819 p.
1811 2768 1879 2817 79,

197 2827 337 2877 quq.
365 2823 683 2866 ——Herodian
688 2800 748 2866 1'1
776 2829 873 2876 790,
895 2829 947 2866 10
967 2839 1064 2880 sqq.
1105 2827 1118 2879 ΙΙ
1158 2827 1265 2880 post
1299 2830 1352 2867 14
1386 2824 1491 2867 add.
1521 2824 1609 2868 GP
1637 2823 1717 2866 καὶ
1742 2823 1881 2877 Εὐρι-

194 2879 334 2936 πίδης
352 2880 416 2925 ἐν
423 2882 745 2939 Εκάβη(1108“)
767 2882 919 2938 ‘mista
937 2882 1156 2939 ταλαίνης
1173 2882 1483 2936 ἐξαπαλλάξαι
1499 2883 1664 2957 ζωῆςίρ
1662 2886 1740 2924 17
1760 2883 1878 2938 υψη-

195 2942 276 2990 λᾶς
301 2939 365 2983 Ch
370 2954 475 2994 ocr„
506 2941 688 2997 ὑψηλὰς
717 2942 847 2984 codd.
878 2944 884 2997 Ι
913 2943 977 2992 εἰς
1008 2944 1065 2998 ΙΙ
1095 2941 1215 2996 ὁρῶν
1243 2942 1331 2998 γὰρ
1363 2943 1409 2995 C,
1439 2941 1561 2996 ὁρῶν
1593 2940 1666 2995 ἄρ’
1714 2940 1781 2984 Dc
1758 2940 1878 2997 cnig.
