2090 3158
16 321 113 380 [⁷5]

31 406 114 446 196

31 1283 112 1323 197

15 1360 113 1419 [⁷⁷]

35 2098 118 2137 198

0 2390 1 2393 ,
18 2339 116 2398 [78]

500 179 587 219 ΧΠ
604 189 637 221 3.
655 189 688 220 4.
723 179 833 219 ΧΙΠ
850 190 882 220 1.
902 189 922 221 2
952 179 1096 219 ΠΕΡΙ
1128 178 1476 220 ΠΑΙῼΝΙΚΟΤ
1729 177 1833 229 149

145 333 295 382 προ,
349 311 464 366 ἐστὶ
519 314 780 381 τροχαϊκὴ
835 311 1169 381 ἑπτάσημος,
1224 320 1320 380 τῆς
1365 312 1581 379 πρώτης
1627 321 1837 381 μακρᾶς

147 394 533 463 ἀνακλωμένης
572 393 661 447 ἐπὶ
701 395 802 462 τὴν
840 395 1158 446 τελευταίαν
1197 396 1459 462 βραχεῖαν
1490 401 1586 460 τῆς
1620 394 1838 461 πρώτης

146 478 422 544 συζυγίας.
499 478 763 544 βραχεῖαν
809 476 913 545 γὰρ
955 475 1128 543 αὐτὴν
1171 475 1289 527 εἰπὲ
1335 473 1426 527 καὶ
1467 473 1652 528 οὐκέτι
1691 483 1838 527 ποιεῖ

144 557 204 609 τὸ
239 557 486 609 ἰωνικόν·
525 565 715 623 κοινῆς
747 553 806 608 δὲ
839 559 1118 625 συλλαβῆς
1150 555 1450 624 γενομένης
1484 563 1578 624 τῆς
1610 557 1668 607 Κ
1677 576 1711 607 υ
1746 555 1838 607 διὰ

145 640 206 691 τὸ
263 639 495 706 ἄφωνον
550 632 691 689 εἶναι
746 636 835 690 καὶ
891 637 1235 707 ἀμετάβολον
1288 639 1355 690 τὰ
1410 635 1554 706 ἑξῆς,
1607 639 1757 689 ἔσται
1805 636 1836 704 ἡ

146 717 515 788 προειρημένη
557 717 810 787 ἐπιμιξία.

259 800 347 869 39,
370 800 438 852 14
464 798 492 852 ὁ
519 801 777 869 δεύτερος
802 800 1033 870 [στίχος]
1065 802 1347 868 μολοττός,
1379 799 1665 853 τουτέστιν
1691 801 1838 852 ι’ωνι-

145 883 239 944 κὸς
279 879 368 934 ἀπ’
409 880 706 943 ἐλάσσονος
743 891 856 934 τῶν
889 883 1123 952 πρώτων
1156 882 1258 933 δύο
1292 884 1565 950 βραχειῶν
1598 882 1675 944 εἰς
1706 884 1839 949 μίαν

145 964 360 1032 μακρὰν
398 968 858 1030 συναιρεθεισῶν·
901 963 929 1016 ὁ
971 960 1032 1016 δὲ
1072 972 1288 1033 πρῶτος
1328 962 1560 1032 [στίχος]
1605 964 1838 1025 ἰωνικός.

847 1154 972 1224 Cap.
998 1154 1141 1208 XIII.

259 1274 346 1339 40,
371 1274 405 1326 3
454 1274 482 1326 ὁ
531 1283 746 1342 πρῶτος
792 1275 971 1327 παίων
1015 1275 1112 1336 τὰς
1158 1273 1219 1327 ἐν
1258 1273 1399 1327 τέλει
1441 1275 1543 1327 δύο
1583 1275 1840 1343 βραχείας

147 1356 398 1409 συνελὼν
438 1357 515 1418 εἰς
554 1359 687 1424 μιάν
725 1356 939 1423 μακρὰν
970 1365 1117 1408 ποιεῖ
1147 1357 1245 1408 τὸν
1275 1357 1552 1425 κρητικόν,
1591 1355 1840 1407 τουτέστι

147 1438 245 1490 τὸν
293 1437 669 1505 ἀμφίμακρον·
722 1437 750 1490 ὁ
800 1437 1056 1502 δεύτερος
1101 1438 1280 1490 παίων
1318 1437 1486 1489 πάλιν
1525 1437 1620 1498 τὰς
1658 1441 1839 1489 τελευ-

147 1520 304 1580 ταίας
345 1519 594 1571 συνελὼν
632 1526 779 1571 ποιεῖ
817 1518 916 1569 τὸν
955 1521 1231 1587 βακχεῖον·
1273 1518 1301 1571 ὁ
1343 1518 1405 1571 δὲ
1443 1519 1624 1587 τρίτος
1663 1519 1841 1571 παίων

148 1601 244 1662 τὰς
288 1601 505 1668 πρώτας
553 1601 655 1652 δύο
704 1601 959 1669 βραχείας
1005 1599 1255 1652 συνελὼν
1301 1608 1448 1652 ποιεῖ
1501 1600 1598 1652 τὸν
1642 1602 1839 1668 παλιμ-

149 1682 421 1750 βάκχειον.

259 1763 354 1830 40,
386 1762 419 1815 ἵ)
468 1761 876 1832 εὑρισκομένων
921 1762 1025 1831 γὰρ
1082 1762 1184 1813 δύο
1240 1770 1466 1830 μακρῶν
1512 1758 1706 1830 ἐφεξῆς
1751 1761 1840 1813 καὶ

148 1852 276 1912 μιᾶς
306 1846 564 1913 βραχείας
594 1844 764 1896 πάλιν
788 1843 1073 1913 ἀρρυθμία
1102 1844 1277 1911 πολλὴ
1303 1845 1534 1910 γίνεται·
1571 1840 1633 1895 ἐν
1656 1862 1841 1912 τετρα-

148 1929 407 1978 πλασιόνι
462 1926 566 1994 γὰρ
625 1927 770 1996 λόγῳ
827 1925 1149 1993 εὑρίσκεται.
1235 1922 1323 1977 ἐπὶ
1382 1923 1570 1992 μέντοι
1625 1943 1687 1992 γε
1741 1931 1840 1976 τοῦ

149 2006 505 2075 ἀμφιμάκρου
544 2007 792 2075 ἡμιόλιος
833 2006 860 2059 ὁ
902 2009 1063 2074 λόγος
1104 2009 1327 2074 γίνεται.

261 2089 350 2157 40,
375 2090 406 2140 6
450 2089 607 2141 αὐτοὶ
648 2084 802 2141 οὗτοι
843 2090 896 2140 οἱ
934 2090 1101 2150 πόδες
1141 2089 1367 2140 λύονται
1405 2088 1481 2149 εἰς
1512 2089 1643 2149 τοὺς
1674 2087 1840 2139 παίω-

150 2186 268 2232 νας·
331 2170 364 2238 ἡ
420 2170 524 2238 γὰρ
579 2170 766 2238 πρώτη
831 2171 1075 2238 συλλαβὴ
1130 2177 1230 2222 τοῦ
1284 2176 1544 2237 κρητικοῦ
1601 2168 1840 2236 λυομένη

150 2259 296 2304 ποιεῖ
333 2252 431 2303 τὸν
470 2250 731 2320 τέταρτον
770 2253 1009 2319 παίωνα,
1062 2251 1094 2319 ἡ
1135 2251 1196 2303 δὲ
1236 2249 1430 2319 ἐσχάτη
1471 2250 1569 2303 τὸν
1606 2258 1841 2318 πρῶτον.

261 2332 348 2400 40,
374 2332 446 2384 20
492 2332 613 2385 ὅλοι
659 2334 895 2394 παίωνες
940 2342 1148 2400 πρῶτοι
1195 2340 1384 2400 κοινῆς
1434 2332 1601 2399 οὔσης
1647 2338 1742 2398 τῆς
1781 2332 1841 2382 κ-ε

152 2413 213 2466 ἐν
250 2420 324 2486 τῷ
358 2417 434 2482 λη
477 2413 838 2480 Κέκροπος,
884 2422 979 2483 τῆς
1017 2417 1330 2475 τελευταίας
1368 2414 1539 2481 μόνης
1578 2413 1675 2464 τὸν
1712 2431 1840 2480 κρη-

271 2579 295 2617 2
340 2573 669 2629 ἀνακλωμένης
708 2573 869 2627 Tum,
910 2572 1327 2630 ἀντανακλωμένης
1366 2573 1497 2616 codd.
1553 2574 1567 2628 Η
1621 2577 1646 2614 3
1688 2569 1842 2615 οὐκέτι

151 2639 280 2677 ποιει
307 2633 644 2687 Wila1n.‚01’)n
686 2631 831 2676 ἐποίει
872 2633 1004 2676 codd.
1059 2633 1074 2691 ΙΙ
1130 2638 1151 2675 7
1186 2634 1233 2677 et
1266 2637 1290 2676 9
1332 2630 1484 2689 στίχος
1516 2630 1685 2684 delevi,
1726 2631 1843 2680 ποὺς

153 2691 365 2760 Westph3
411 2695 425 2748 ΙΙ
472 2697 495 2735 7
531 2690 747 2748 μολοττός
778 2692 900 2736 ἐστιν
934 2692 1125 2736 ἰωνικοῦ
1159 2691 1286 2735 Caes.
1335 2694 1348 2747 ΙΙ
1399 2696 1451 2734 10
1493 2689 1671 2733 scholia
1702 2689 1843 2732 huius

153 2751 321 2807 capitis
353 2751 402 2794 in
442 2751 552 2794 solis
586 2751 716 2794 codd.
752 2754 786 2795 I
791 2751 850 2793 ἸΙ
896 2753 910 2807 Η
961 2756 1012 2793 13
1044 2749 1198 2796 παίων
1232 2765 1318 2794 om
1357 2752 1416 2793 ἸΙ
1458 2752 1472 2806 ΙΙ
1521 2754 1575 2792 14
1614 2746 1767 2792 παίων
1802 2750 1843 2801 Ι,

152 2810 291 2854 πάλιν
311 2813 372 2854 ἸΙ
391 2812 405 2866 ΙΙ
431 2816 485 2853 18
512 2818 619 2865 μιᾶς
644 2807 862 2882 βραχείας
885 2810 1040 2863 Pauw
1068 2810 1153 2854 δύο
1180 2811 1406 2867 βραχειῶν
1432 2809 1564 2852 codd.
1590 2810 1604 2864 ΙΙ
1631 2812 1683 2851 19
1707 2806 1840 2862 εὑρή-

155 2882 281 2912 σεται
322 2871 383 2913 Μ
432 2872 446 2926 ΙΙ
500 2873 556 2912 ‘20
600 2866 877 2953 ὃιπλασίωνί]
922 2869 1062 2912 immo
1108 2869 1310 2912 debebat
1354 2868 1552 2911 scribere
1593 2866 1798 2923 ἡμιόλιος
1829 2868 1844 2922 ΙΙ

156 2932 209 2970 23
241 2927 460 2984 τέταρτον
493 2927 549 2971 1²
552 2944 778 2983 ,πρωτον
811 2929 843 2970 Ι
880 2930 938 2971 Μ
963 2930 969 2984 Ι
997 2935 1179 2983 πρῶτον
1210 2928 1281 2982 1²,
1314 2926 1532 2982 τέταρτον
1564 2927 1694 2969 I¹M

1863 1177 1904 1208 10

1865 1620 1906 1652 15

1866 2029 1910 2060 20

1867 2435 1908 2467 25
