2090 3158
196 437 235 483 I

167 585 235 631 M

259 149 299 191 X
931 147 1263 188 PRAEFATIO

258 287 455 336 omnino
518 286 707 334 desunt.
771 313 840 318 —
902 285 1030 333 Usus
1093 300 1203 332 sum
1261 285 1408 333 huius
1471 286 1642 334 classis
1703 286 1937 348 exemplis

258 362 567 482 du(stills-cod.
608 433 858 481 Parisinus
901 434 1041 480 2676
1092 450 1127 482 s.
1160 432 1252 480 XV
1299 433 1519 481 continet
1563 434 1648 482 fol.
1684 435 1940 482 101—362

257 509 639 570 Hephaestionis
678 507 861 554 librum
903 522 1012 554 cum
1051 507 1250 556 scholiis
1291 508 1419 556 sicut
1458 507 1558 554 dixi
1597 509 1848 569 scriptum.

366 584 411 628 2.
452 583 554 629 eius
595 581 834 645 gemellus
871 583 945 629 est
983 581 1067 629 sed
1105 581 1254 643 paulo
1288 581 1503 629 deterior
1534 581 1636 628 cod.
1668 581 1938 629 Meerman-

255 658 453 716 nianus,
493 671 622 703 nunc
661 655 849 703 Bodlei.
882 654 1025 702 Auct.
1059 656 1098 702 T
1138 655 1190 703 Π
1225 656 1288 702 13
1331 671 1367 703 s.
1399 655 1506 716 XV,
1545 655 1629 702 fol.
1665 647 1940 714 itis—51²,

257 746 286 777 a
327 729 605 778 Gaisfordio
645 732 764 776 nota
800 730 852 775 E
887 730 1123 792 signatus.
1186 729 1259 776 De
1298 731 1509 790 utroque
1542 729 1706 776 codice
1745 729 1942 776 rettulit

255 804 671 851 Hoerschelmann
710 802 848 850 MRh
881 804 966 864 36,
994 805 1096 851 263
1128 803 1238 850 adn
1317 801 1439 850 Cum
1478 804 1531 849 in
1568 803 1608 849 I
1639 804 1767 850 sicut
1804 803 1857 849 in
1890 803 1944 850 X

255 878 423 924 libello
470 878 830 938 praescriptum
877 878 942 924 sit
976 870 1335 968 Ηφαιστίωνος
1382 875 1667 942 ἐγχειρίδιον
1712 874 1917 941 περὶμε
1861 894 1938 939 με·

255 969 412 1016 τρων,
452 953 504 997 111
543 952 611 997 Μ
642 950 764 997 haec
811 948 1325 1016 311111.ἇστρονομίης
1363 949 1589 1016 ἔμπειρος
1627 952 1821 1014 κλεινῆς
1859 947 1941 998 καὶ

254 1031 556 1090 γρμματικῆς
595 1019 899 1086 εΗφαιστίων
953 1023 1181 1090 μετρικὴν
1227 1023 1367 1088 ἔξοχα
1415 1023 1615 1073 πάντων
1661 1022 1744 1072 καὶ
1795 1023 1940 1087 τήνδε
2026 1028 2033 1036 ”

255 1097 401 1156 αὐτὸς
438 1096 493 1165 ἑῇ
539 1098 733 1164 διανοίῃ
781 1097 1083 1162 χρησάμενος
1131 1096 1457 1164 ξυνέγραψεν·
1504 1093 1868 1160 ζἸΙφακῖτίωνος,·
1907 1094 1938 1160 ἡ

254 1179 478 1235 παροῦσα
517 1171 831 1236 πραγματεία.
911 1171 1133 1220 Correxit
1172 1172 1389 1221 codicem
1431 1188 1606 1220 manus
1646 1165 1732 1219 M2
1769 1172 1940 1220 classis

254 1247 431 1293 tertiae
472 1246 687 1307 quodam
729 1247 996 1307 exemplari
1035 1262 1139 1295 usa.

366 1319 460 1375 Qui
512 1320 638 1366 hanc
692 1322 1024 1368 recensionem
1071 1319 1329 1368 enchiridii
1375 1320 1618 1380 condidit,
1673 1321 1943 1381 exemplari

254 1409 369 1441 usus
418 1395 511 1454 est,
565 1393 696 1454 quod
740 1395 792 1440 in
838 1397 978 1441 textu
1025 1396 1075 1442 et
1122 1393 1380 1442 enchiridii
1421 1386 1505 1460 (cf.
1547 1396 1602 1454 2,
1630 1395 1675 1443 6.
1733 1396 1825 1452 21,
1858 1395 1938 1440 16.

255 1469 347 1527 44,
373 1469 419 1514 4.
479 1468 568 1527 54,
596 1461 688 1532 24)
738 1469 788 1514 et
841 1467 1139 1515 scholiorum
1194 1469 1504 1529 paucissimis
1559 1468 1680 1515 locis
1734 1468 1940 1515 meliora

253 1541 482 1603 praebuit
522 1557 670 1602 quam
711 1541 890 1589 codicis
929 1539 978 1588 A
1019 1543 1331 1603 archetypus,
1373 1541 1456 1589 sed
1495 1541 1692 1589 scholiis
1731 1543 1940 1589 instruc-

254 1618 332 1662 tus
374 1617 480 1662 erat
519 1615 670 1662 etiam
715 1618 829 1676 post
867 1630 971 1676 cap.
1005 1615 1062 1662 X.
1139 1616 1270 1663 Nam
1308 1618 1366 1662 ut
1405 1616 1506 1662 alia
1545 1616 1773 1663 omittam
1813 1618 1941 1663 certe

256 1689 440 1736 scholia
477 1689 595 1749 152,
626 1689 689 1736 15
709 1704 815 1750 sqq.
861 1690 1073 1750 154,15
1118 1705 1175 1736 ex
1215 1691 1420 1751 antiquo
1458 1705 1658 1750 corpore
1700 1690 1942 1752 originem

255 1762 513 1810 duxerunt.
575 1763 708 1809 Num
746 1764 845 1809 iam
885 1765 1018 1810 intra
1059 1779 1166 1810 eam
1206 1765 1413 1825 partem,
1453 1778 1581 1824 quae
1619 1764 1672 1810 in
1710 1762 1758 1810 A
1798 1764 1941 1823 inest,

255 1837 441 1883 scholia
487 1836 717 1884 uberiora
763 1836 1015 1897 habuerit,
1060 1836 1195 1885 haud
1240 1838 1344 1884 sine
1390 1838 1583 1884 ratione
1622 1836 1939 1884 dubitaveris.

253 1910 383 1956 Nam
421 1911 566 1958 homo
610 1911 695 1957 ille
736 1911 906 1959 doctus
946 1926 1044 1958 non
1082 1913 1188 1958 tam
1226 1911 1376 1959 verba
1413 1911 1600 1958 tradita
1638 1911 1849 1957 retinere
1887 1912 1941 1957 in

256 1986 418 2031 animo
472 1984 647 2031 habuit
694 2000 842 2045 quam
893 1985 1158 2032 editionem
1206 1984 1462 2044 conficere,
1518 2000 1615 2046 qua
1660 1986 1714 2031 in
1761 1984 1939 2031 scholis

256 2057 506 2105 commode
551 2060 820 2105 uterentur.
898 2058 1081 2107 Versus
1134 2060 1291 2122 igitur
1336 2058 1623 2106 Homericos
1675 2058 1939 2120 supplevit,

255 2147 351 2178 non
390 2132 509 2191 ipsis
550 2131 848 2179 carminibus
888 2133 1137 2194 inspectis,
1178 2132 1262 2179 sed
1300 2134 1500 2194 proprio
1539 2133 1738 2196 ingenio
1770 2132 1940 2191 fretus,

254 2206 694 2265 interpretamenta
733 2206 945 2266 addidit,
986 2208 1217 2268 corrupta
1254 2208 1489 2267 mutavit,
1539 2207 1725 2254 scholia
1765 2206 1940 2267 ampli-

255 2277 435 2326 ficavit.
513 2278 669 2326 Immo
711 2280 857 2340 alter,
900 2296 1000 2327 non
1037 2282 1193 2341 ipsius
1232 2281 1529 2328 recensionis
1569 2280 1815 2339 conditor,
1855 2279 1939 2327 sed

255 2355 536 2399 nostrorum
591 2352 812 2400 codicum
859 2354 896 2400 I
900 2355 967 2400 M
1015 2356 1188 2402 auctor
1241 2370 1301 2402 ne
1358 2370 1386 2400 a
1432 2354 1676 2402 Manuelis
1727 2353 1939 2415 quidem,

255 2441 429 2486 nempe
470 2426 792 2488 Moschopuli,
833 2427 987 2489 copiis
1027 2443 1200 2475 manus
1241 2428 1503 2489 abstinuit3
1543 2445 1587 2476 v.
1625 2445 1671 2490 p.
1708 2428 1791 2488 95,
1819 2429 1863 2475 3.

366 2499 441 2546 III
495 2499 661 2563 Longe
716 2501 921 2561 plurimi
967 2501 1153 2549 codices
1199 2502 1589 2563 Hephaestionei
1640 2502 1773 2562 iique
1827 2516 1939 2563 per-

255 2573 402 2619 multi
440 2574 638 2619 tertiam
677 2574 886 2620 formam
932 2575 1072 2623 nobis
1113 2575 1336 2622 offerunt.
1417 2574 1820 2637 Compleetuntur
1859 2591 1939 2621 en-

256 2756 425 2799 librum
458 2759 689 2811 quendam
724 2773 845 2802 nunc
879 2759 1194 2827 deperditum,
1227 2760 1275 2803 in
1310 2774 1400 2815 quo
1433 2761 1480 2803 et
1511 2759 1647 2816 plura
1677 2759 1862 2801 inerant
1893 2759 1940 2802 et

255 2815 421 2858 melius
455 2816 688 2872 descripta
721 2831 861 2873 quam
893 2818 941 2860 in
976 2819 1040 2862 eis
1074 2819 1154 2875 qui
1187 2821 1372 2862 exstant
1404 2817 1746 2862 commentariis
1778 2817 1936 2873 (Bresl

258 2874 369 2930 phil.
398 2874 515 2917 Abh.
540 2875 622 2917 V3
655 2891 698 2931 p.
727 2879 812 2931 27).
