2090 3158
183 152 408 194 XHIs—s.
433 151 539 192 XIV
570 151 714 192 ΠΕΡΙ
744 151 866 192 ΤΗΣ
897 146 1033 192 ΚΑΤ’
1050 150 1470 194 ΑΝΤΙΠΑΘΕΙΑΝ
1497 150 1730 198 ΜΙΞΕΩΣ
1766 151 1867 204 151

183 284 602 338 ἀντιπαθοῦντα
641 285 830 348 αὐτοῖς
867 283 1038 353 μέτρα
1075 287 1264 338 τίκτει·
1306 286 1487 353 ὥσπερ
1523 286 1583 338 τὸ
1618 286 1872 354 ἰαμβικὸν

183 366 301 418 κατ’
343 365 638 434 ἀφαίρεσιν
684 374 780 435 τῆς
822 367 883 419 ἐν
920 374 985 435 τῇ
1026 365 1270 436 ἀρχούσῃ
1310 368 1566 435 βραχείας
1604 370 1771 419 τίκτει
1809 368 1871 420 τὸ

94 500 97 501 ⁷
181 449 498 516 τροχαϊκόν·
538 448 627 500 καὶ
659 449 720 500 τὸ
754 447 1048 517 τροχαϊκὸν
1087 448 1222 500 κατὰ
1262 446 1557 516 ἀφαίρεσιν
1587 454 1682 515 τῆς
1715 445 1776 499 ἐν
1806 456 1870 517 τῇ

182 528 428 599 ἀρχούσῃ
468 537 677 597 μακρᾶς
717 533 886 582 τίκτει
918 530 979 582 τὸ
1016 530 1292 597 ἰαμβικόν·
1333 529 1498 596 ταύτὸ
1531 529 1620 581 καὶ
1653 527 1739 581 ἐπὶ
1771 537 1871 581 τοῦ

183 611 516 663 δακτυλικοῦ
549 609 639 663 καὶ
673 610 1086 663 ἀναπαιστικοῦ.
1148 610 1209 662 τὸ
1242 609 1429 676 μέντοι
1460 610 1719 678 κρητικὸν
1749 608 1863 663 κατ’
1919 632 1938 664 5

181 690 479 761 ἀφαίρεσιν
528 699 624 759 τῆς
671 690 733 744 ἐν
782 701 846 762 τῇ
895 691 1138 761 ἀρχούσῃ
1186 699 1396 759 μακρᾶς
1441 700 1587 744 ποιεῖ
1631 693 1692 744 τὸ
1742 693 1871 758 βακ-

180 773 402 842 χειακὸν
440 771 658 842 μέτρον,
700 772 729 826 ὃ
772 771 1075 842 ὁμοιοειὸὲς
1114 773 1269 845 αὐτῷ.
1348 771 1565 836 αὔξεται
1605 769 1667 825 δὲ
1705 781 1870 826 τοῦτο

180 851 270 906 καὶ
309 853 466 923 μέχρι
507 853 816 924 ἑξαμέτρου.

62 943 148 983 200
292 935 426 1003 43,5
451 937 818 1002 μονοειὸῶν
847 936 920 999 ὡς
945 937 1082 1006 πρὸς
1114 935 1542 1004 ἀντιδιαστολὴν
1565 945 1676 989 τῶν
1702 935 1868 988 ἀσυν-

46 1021 145 1079 [82]
179 1019 446 1086 αρτήτων·
513 1015 694 1070 ἐκεῖνα
755 1019 858 1087 γὰρ
914 1017 973 1071 ἐκ
1029 1018 1131 1070 δύο
1189 1019 1355 1071 εἰδῶν
1409 1016 1756 1086 συνέστηκεν.
1799 1047 1868 1054 —-—
1895 1038 1937 1070 ιο

179 1098 569 1165 ὁμοιοειδῶν
631 1100 774 1152 διότι
843 1100 951 1153 ὑπὸ
1013 1100 1074 1152 τὸ
1132 1099 1265 1152 αὐτὸ
1329 1091 1475 1162 εἶδος
1537 1097 1868 1168 ἀναφέρεται

177 1181 424 1248 πλείονα,
465 1174 587 1234 οἷον
625 1181 732 1234 ὑπὸ
773 1182 834 1234 τὸ
875 1181 1305 1234 ἀντισπαστικὸν
1343 1180 1404 1233 τὸ
1451 1180 1867 1249 Φερεκράτειον,

176 1262 237 1314 τὸ
279 1262 651 1315 Γλυκώνειον·
694 1262 897 1331 ὁμοίως
935 1264 1025 1316 καὶ
1067 1260 1154 1315 ἐπὶ
1195 1272 1306 1315 τῶν
1346 1263 1542 1315 ἄλλων.

875 1424 1001 1494 Cap.
1026 1424 1168 1478 XIV.

287 1521 463 1590 43,13
501 1521 682 1575 ἰστέον
715 1522 798 1575 ὅτι
824 1521 1118 1590 Άφρόὸιτα
1150 1521 1646 1591 προπαροξυτόνως
1678 1522 1867 1590 ἀναγι-
1891 1543 1932 1576 15

175 1602 492 1655 νώσκουσιν
524 1604 766 1668 Αἰολεῖς,
809 1602 1200 1666 συστέλλοντες
1239 1604 1299 1656 τὸ
1333 1606 1382 1657 ἆ.
1461 1603 1562 1656 οὐκ
1604 1602 1691 1656 ἐπὶ
1730 1604 1867 1657 πάν-

174 1702 287 1735 των
327 1684 388 1736 δὲ
428 1683 843 1752 συστέλλουσιν,
884 1683 999 1737 ἀλλ’
1041 1683 1126 1737 ε’πὶ
1168 1687 1357 1754 μόνων
1386 1694 1499 1738 τῶν
1529 1686 1759 1754 κυρίων·
1800 1685 1866 1739 τὰ

175 1766 280 1834 γὰρ
328 1766 400 1833 μὴ
450 1767 583 1818 ὄντα
627 1767 792 1835 κύρια
839 1767 966 1819 οὔτε
1017 1766 1414 1819 συστέλλουσιν
1455 1767 1581 1819 οὔτε
1620 1784 1866 1834 προπαρ-

174 1844 499 1915 οξύνουσιν,
552 1845 667 1900 ἀλλ’
708 1847 1006 1900 ἀθανάτα
1045 1847 1180 1917 φασὶ
1230 1847 1635 1914 παροξυτόνωςε
1676 1879 1746 1884 -
1779 1846 1866 1900 Κ2

284 1928 373 1996 43,
401 1928 469 1980 14
517 1930 903 1997 <τροχαῖκὴν>ε
959 1929 1237 1998 ἀντιπαθῆ
1288 1929 1423 1998 φησὶ
1470 1930 1696 1997 ταύτην·
1753 1930 1863 1982 ἔδει
1889 1952 1931 1984 20

172 2009 277 2077 γὰρ
320 2011 579 2078 ίαμβικὴν
619 2006 760 2062 εἷναι
800 2011 890 2063 καὶ
931 2010 998 2063 οὐ
1038 2014 1356 2079 τροχαῑκήνε
1400 2043 1463 2050 —
1499 2012 1562 2063 Κ
1568 2009 1587 2040 ²

283 2091 371 2159 43,
395 2091 466 2143 22
506 2093 567 2144 τὸ
608 2094 714 2144 τυί
751 2091 871 2144 ἀντὶ
911 2099 1037 2160 μιᾶς
1077 2095 1373 2162 συλλαβῆς;
1414 2124 1482 2130 -
1516 2091 1604 2145 K²

283 2173 371 2240 44,
390 2173 422 2225 6
454 2181 617 2226 τοῦτο
651 2173 756 2226 ἀπὸ
788 2181 1079 2242 τροχαϊκῆς
1104 2172 1418 2243 ἑπτασήμου
1443 2174 1666 2243 ἤρξατοε
1691 2175 1839 2226 -Κ
1844 2172 1863 2203 2

283 2254 437 2321 44,8
485 2255 882 2323 (χοριαμβικὸν
929 2252 1388 2323 πενθημιμερὲς>ε
1446 2253 1503 2307 ἐκ
1555 2255 1859 2323 χοριάμβου

173 2335 239 2387 ὃν
278 2333 368 2387 καὶ
408 2337 693 2404 τροχαίουε
736 2367 803 2372 —
838 2334 925 2387 Κ2
1885 2358 1920 2378 -ν-

43 2419 138 2477 [86]
281 2416 376 2486 46,
406 2417 475 2468 14
520 2416 1005 2486 <ἀνακλωμένου>;
1061 2417 1452 2486 ἀνακλώμενον
1506 2422 1747 2470 καλεῖται
1798 2418 1858 2471 τὸ

171 2495 395 2566 μέτρον,
444 2498 527 2550 ὅτι
574 2500 838 2560 πολλάκις
884 2498 912 2551 ὁ
960 2501 1164 2551 λείπων
1209 2501 1406 2567 χρόνος
1453 2496 1516 2551 ἔν
1554 2518 1664 2550 τινι
1704 2499 1859 2565 βάσει

173 2577 472 2631 ἀνακλᾶται
521 2580 598 2642 εἰς
644 2580 817 2648 ἄλλην
861 2580 1052 2647 βάσιν,
1102 2582 1284 2648 ὥσπερ
1331 2588 1426 2647 τῆς
1467 2579 1724 2648 δευτέρας
1762 2581 1859 2648 βά-

293 2699 463 2738 15—19
498 2694 657 2739 Choer.
683 2700 752 2747 85,
775 2699 945 2738 19—22

292 2787 314 2826 7
342 2781 387 2841 ὃ]
414 2780 468 2827 ὂν
485 2783 614 2826 Kroll
644 2787 648 2838 Ι
678 2782 933 2839 ὁμοιοειδὲς
956 2785 1079 2840 αὐτῷ
1102 2784 1311 2840 Bentley,
1337 2782 1576 2839 μονοειδὲς
1600 2781 1714 2828 αὐτό
1734 2785 1766 2827 Ι
1772 2785 1832 2827 M
1843 2785 1858 2841 Η

173 2845 225 2884 11
254 2841 480 2898 ὁμοειδῶν
506 2845 569 2897 ΙΙΙ
597 2848 768 2886 15—25
801 2842 916 2886 haee
941 2843 1117 2887 scholia
1142 2844 1309 2887 desunt
1341 2844 1389 2886 in
1414 2845 1514 2887 IM
1534 2846 1548 2900 11
1572 2843 1713 2886 schol.
1741 2848 1855 2885 ⁶26—

175 2905 272 2954 152,
294 2906 346 2944 10
378 2902 426 2944 in
459 2901 589 2945 codd.
625 2917 767 2944 unum
