2090 3158
265 173 366 225 132
955 176 1187 217 ΣΧοΛΙΑ
1219 176 1256 216 A

262 307 318 362 δὲ
369 310 764 364 άναπαιστικὸν
810 310 945 361 κατὰ
993 310 1253 362 διποδίαν
1299 311 1571 378 βαίνεται,
1621 309 1741 379 ἑξῆς
1789 310 1945 379 ἐροῦ-

259 411 380 458 μεν;
421 423 493 429 —
518 390 735 444 ΑΘΒ]

375 483 648 549 ζητήσειεν
703 480 772 532 ἄν
824 499 930 546 τις,
985 480 1041 531 τί
1092 479 1292 546 δήποτε
1341 479 1402 531 τὸ
1459 480 1559 547 μὲν
1614 481 1946 534 δακτυλικὸν

261 563 506 629 βαίνεται
545 561 680 613 κατὰ
728 561 896 627 πόδα,
943 560 1003 612 τὸ
1045 559 1105 611 δὲ
1145 559 1540 613 ἀναπαιστικὸν
1580 561 1660 612 οὔ.
1738 566 1944 630 εἴρηται

217 663 236 694 5
264 642 348 710 δέ,
401 643 484 695 ὅτι
530 643 590 694 τὸ
639 641 970 694 δακτυλικὸν
1017 640 1110 692 διὰ
1147 641 1247 708 τὴν
1287 639 1348 692 ἐν
1387 640 1533 712 αὐτῷ
1570 641 1790 710 ἰσότητα
1828 644 1945 710 βαί-

262 743 411 776 νεται
450 724 586 776 κατὰ
625 724 790 783 πόδα,
831 722 890 774 τὸ
933 720 981 774 δ’
1018 721 1151 774 αὐτὸ
1192 722 1297 774 δᾶν
1336 741 1418 783 τις
1458 722 1611 790 εὕροι
1649 716 1740 774 καὶ
1779 721 1839 775 ἐν
1878 730 1952 796 τῷ

262 805 649 876 ἀναπαιστικῷ·
704 802 794 856 καὶ
849 804 951 871 γὰρ
999 801 1061 855 ἐν
1108 802 1255 873 αὐτῷ
1300 803 1505 866 πάντας
1552 805 1621 856 ἄν
1667 825 1747 868 τις
1794 805 1945 874 εὕροι

260 888 629 955 τετρασήμους
662 887 837 947 ὄντας.
901 884 1082 954 φαμὲν
1115 879 1219 936 οὖν
1251 884 1333 936 ὅτι
1368 884 1535 936 οὐδὲν
1565 885 1765 955 μέτρον
1797 884 1947 939 ἐστὶν

262 967 398 1035 ὑπὲρ
439 968 500 1021 τὸ
543 966 855 1036 ἑξάμετρον·
896 963 1012 1018 ἐπεὶ
1051 966 1245 1017 τοίνυν
1279 966 1340 1017 τὸ
1374 964 1770 1020 ἀναπαιστικὸν
1801 966 1947 1036 εὑρί-

197 1069 237 1100 10
263 1063 444 1101 σκεται
507 1047 768 1108 πολλάκις
830 1047 919 1098 καὶ
981 1043 1034 1108 ἐξ
1099 1043 1231 1096 ἑπτὰ
1292 1044 1382 1098 καὶ
1446 1045 1499 1109 ἐξ
1563 1047 1701 1100 ὀκτὼ
1759 1048 1947 1101 ἁπλῶν

263 1133 640 1198 συγκείμενον,
681 1126 904 1195 ἐδέησεν
942 1126 1080 1195 ἡμᾶς
1120 1127 1252 1178 αὐτὸ
1291 1129 1456 1195 βῆναι
1496 1129 1630 1180 κατὰ
1670 1130 1946 1197 διποδίαν,

263 1212 353 1262 ἰ’να
407 1211 467 1262 τὸ
524 1209 577 1273 ἐξ
626 1209 764 1262 ὀκτὼ
811 1209 999 1261 ποδῶν
1046 1209 1432 1277 τετράμετρον,
1487 1209 1624 1262 ἀλλὰ
1670 1211 1741 1278 μὴ
1791 1210 1943 1263 ὀκτά-

262 1311 463 1360 μετρον
502 1291 990 1360 προσαγορεύηται.
1055 1288 1138 1341 ὅτι
1179 1289 1239 1341 δὲ
1277 1297 1441 1342 τοῦτο
1483 1290 1657 1352 οὕτως
1687 1288 1814 1360 ἔχει,
1855 1292 1948 1360 δῆ-

263 1377 383 1426 λον·
424 1372 520 1426 ἐὰν
559 1374 662 1442 γὰρ
704 1372 913 1441 ὑπερβῇ
954 1371 1015 1423 τὸ
1051 1372 1380 1423 δακτυλικὸν
1411 1371 1471 1422 τὸ
1506 1370 1814 1440 ἑξάμετρον,
1854 1372 1947 1425 κά-

198 1475 238 1507 15
264 1464 412 1508 κεῖνο
451 1456 698 1522 βαίνεται
739 1455 873 1506 κατὰ
914 1453 1191 1505 διποδίαν·
1234 1451 1330 1504 ἐὰν
1368 1450 1556 1520 μέντοι
1596 1450 1750 1514 ἐντὸς
1781 1446 1814 1521 ᾗ
1846 1460 1946 1505 τοῦ

265 1534 582 1604 ἑξαμέτρου,
637 1534 738 1601 τὴν
793 1532 1047 1596 ἐξουσίαν
1101 1531 1209 1602 ἔχει
1260 1535 1556 1601 βαίνεσθαι
1602 1534 1737 1586 κατὰ
1782 1535 1946 1587 πόδαε

267 1649 332 1653 -
360 1614 631 1686 AC(D)I

375 1713 411 1779 †
446 1718 529 1777 24,
559 1717 623 1763 13
667 1713 849 1779 δέχεται
889 1712 939 1762 δὲ
986 1713 1142 1773 πόδας
1182 1713 1331 1763 αὐτὸν
1371 1713 1454 1763 τὸν
1494 1713 1812 1779 ἀνάπαιστον,
1853 1711 1943 1778 ἀφ’
1982 1721 2063 1761 175

266 1786 323 1840 οὗ
386 1789 467 1839 καὶ
521 1789 572 1838 τὸ
628 1787 800 1853 μέτρον
857 1785 1156 1853 ὠνόμασται,
1211 1788 1495 1852 σπονδεῖον,
1551 1788 1622 1836 ὅτι
1673 1789 1948 1853 συναίρεσις

199 1882 240 1914 20
264 1873 349 1913 τοῦ
391 1863 719 1927 ἀναπαίστου,
767 1861 1238 1927 προκελευσματικὸν
1279 1861 1353 1927 δέ,
1401 1862 1472 1911 ὅτι
1511 1863 1646 1920 λύσις
1686 1869 1771 1926 τῆς
1811 1862 1946 1927 ἐσχά-

265 1958 349 2002 της
389 1947 576 2002 μακρᾶς
616 1937 684 1995 εἰς
725 1936 813 1986 δύο
855 1937 1103 2001 βραχείας,
1155 1936 1238 1986 τὸν
1278 1935 1329 1985 δὲ
1370 1936 1634 1999 δάκτυλον,
1676 1935 1747 1985 ὅτι
1785 1937 1946 2001 τετρά-

267 2028 440 2076 σημοςε
482 2039 550 2044 -
584 2013 621 2058 Ι

378 2105 555 2173 24,17
598 2103 1166 2172 ὑπερκατάληκτος
1207 2109 1298 2165 εἰς
1338 2104 1765 2171 δισύλλαβον,
1817 2102 1947 2155 ὅταν

266 2187 398 2252 μετὰ
444 2188 710 2253 συζυγίαν
760 2186 861 2237 δύο
903 2184 1171 2251 συλλαβαὶ
1220 2183 1616 2252 καταλήξωσιν,
1665 2185 1757 2246 εἰς
1797 2187 1947 2236 συλ-

201 2289 240 2320 25
269 2268 469 2335 λαβὴν
509 2265 584 2333 δέ,
626 2265 757 2318 ὅταν
796 2267 927 2331 μετὰ
958 2267 1058 2334 τὴν
1089 2267 1352 2334 συζυγίαν
1384 2270 1479 2334 μία
1512 2267 1756 2334 συλλαβὴ
1789 2285 1948 2318 κατα-

386 2460 410 2497 9
445 2455 556 2498 Mar.
576 2454 695 2498 Vict.
724 2455 805 2497 GL
831 2455 994 2509 V176‚
1022 2460 1206 2499 22—27.
1243 2460 1311 2510 55,
1333 2461 1369 2499 7.
1405 2460 1555 2511 82,26
1610 2458 1623 2511 Η
1677 2459 1943 2508 23—132,7

270 2538 321 2551 =
350 2514 518 2557 schol.¹³
551 2513 646 2570 (lib.
673 2514 751 2570 IV)
785 2530 825 2570 p.
856 2519 924 2568 17,
943 2519 1087 2557 9-14

389 2690 412 2725 3
446 2683 531 2726 hoe
565 2683 772 2726 scholion
805 2683 853 2725 in
879 2685 972 2727 AC
1001 2684 1157 2727 colloe.
1185 2686 1291 2740 post
1316 2684 1453 2727 schol.
1478 2688 1574 2738 133,
1594 2688 1735 2727 8--12
1766 2684 1771 2739 Ι
1799 2681 1844 2725 τί
1868 2683 1946 2737 δή·

268 2759 377 2786 ποτε
404 2757 489 2785 0111.
510 2744 603 2786 AC
623 2745 636 2798 ΙΙ
663 2748 686 2785 6
714 2740 759 2786 δ’
768 2759 826 2786 αν
850 2741 1041 2794 1)],ὂιν
1069 2744 1159 2787 AC
1180 2746 1243 2798 Ηῖ
1277 2742 1456 2815 εὑρήσει
1480 2719 1574 2786 DI'
1588 2745 1601 2798 ΙΙ
1629 2747 1679 2785 11
1714 2741 1773 2798 μὴ
1807 2743 1947 2813 βῆναι

271 2801 385 2844 κατὰ
418 2800 707 2857 μονοποδίαν
740 2803 772 2843 Ι
801 2804 814 2858 Η
848 2807 900 2843 12
935 2819 1084 2845 ινα-
1106 2808 1158 2845 15
1193 2800 1414 2846 διποδίαν
1447 2815 1532 2844 om.
1559 2802 1608 2845 D
1633 2804 1646 2858 ΙΙ
1674 2806 1726 2844 15
1760 2801 1887 2852 ἐκτὸς
1901 2793 1948 2862 ᾗ

270 2866 348 2915 τῆς
381 2861 470 2903 DI
501 2863 514 2914 [1
557 2866 608 2902 16
649 2859 772 2904 πόδα
808 2862 859 2913 C,
901 2859 1123 2904 διποδίαν
1156 2863 1302 2904 AD]
1337 2863 1350 2916 ΙΙ
1391 2866 1444 2903 23
1485 2859 1888 2916 ὑπερκατάληκτον
1901 2852 1954 2902 I

271 2922 315 2961 et
350 2919 413 2961 sic
447 2932 627 2974 semper
659 2921 818 2975 postea
843 2922 905 2974 112
912 2926 936 2962 5
969 2920 1052 2975 τὴν
1085 2934 1170 2963 om
1198 2922 1230 2962 I
