<?xml version="1.0" encoding="UTF-8"?>
<!DOCTYPE html PUBLIC "-//W3C//DTD XHTML 1.0 Transitional//EN"
    "http://www.w3.org/TR/xhtml1/DTD/xhtml1-transitional.dtd">
<html xmlns="http://www.w3.org/1999/xhtml" xml:lang="en" lang="en">
 <head>
  <title>
</title>
<meta http-equiv="Content-Type" content="text/html;charset=utf-8" />
  <meta name='ocr-system' content='tesseract 3.04.00' />
  <meta name='ocr-capabilities' content='ocr_page ocr_carea ocr_par ocr_line ocrx_word'/>
</head>
<body>
  <div class='ocr_page' id='page_1' title='image "./hephaestionisenc00hephuoft_0294.png"; bbox 0 0 2060 3168; ppageno 0'>
   <div class='ocr_carea' id='block_1_1' title="bbox 227 182 1327 239">
    <p class='ocr_par' dir='ltr' id='par_1_1' title="bbox 227 182 1327 239">
     <span class='ocr_line' id='line_1_1' title="bbox 227 182 1327 239; baseline -0.01 -1"><span class='ocrx_word' id='word_1_1' title='bbox 227 186 336 238; x_wconf 80' lang='grc'><em>260</em></span> <span class='ocrx_word' id='word_1_2' title='bbox 813 185 1046 226; x_wconf 76' lang='grc' dir='ltr'><strong>ΣΧΟΛΙΑ</strong></span> <span class='ocrx_word' id='word_1_3' title='bbox 1076 186 1113 225; x_wconf 85' lang='grc' dir='ltr'>Β</span> <span class='ocrx_word' id='word_1_4' title='bbox 1146 183 1244 239; x_wconf 88' lang='lat' dir='ltr'>(lib.</span> <span class='ocrx_word' id='word_1_5' title='bbox 1269 182 1327 239; x_wconf 85' lang='grc' dir='ltr'><em>Π)</em></span> 
     </span>
    </p>
   </div>
   <div class='ocr_carea' id='block_1_2' title="bbox 165 317 2060 2538">
    <p class='ocr_par' dir='ltr' id='par_1_2' title="bbox 165 317 2060 2538">
     <span class='ocr_line' id='line_1_2' title="bbox 227 317 1917 391; baseline -0.001 -17"><span class='ocrx_word' id='word_1_6' title='bbox 227 323 458 391; x_wconf 79' lang='grc' dir='ltr'><em>μακράν,</em></span> <span class='ocrx_word' id='word_1_7' title='bbox 497 322 707 390; x_wconf 76' lang='grc' dir='ltr'><em>γίνεται</em></span> <span class='ocrx_word' id='word_1_8' title='bbox 748 318 1164 371; x_wconf 82' lang='grc' dir='ltr'><em>ἀναπαιστικόν·</em></span> <span class='ocrx_word' id='word_1_9' title='bbox 1213 317 1445 372; x_wconf 80' lang='grc' dir='ltr'><em>Ἰλιόθεν</em></span> <span class='ocrx_word' id='word_1_10' title='bbox 1475 338 1540 388; x_wconf 88' lang='grc' dir='ltr'><em>με</em></span> <span class='ocrx_word' id='word_1_11' title='bbox 1574 319 1761 387; x_wconf 92' lang='grc' dir='ltr'><em>φέρων</em></span> <span class='ocrx_word' id='word_1_12' title='bbox 1793 322 1917 373; x_wconf 81' lang='grc' dir='ltr'><em>ἄνε-</em></span> 
     </span>
     <span class='ocr_line' id='line_1_3' title="bbox 227 399 976 470; baseline -0.009 -13"><span class='ocrx_word' id='word_1_13' title='bbox 227 424 327 470; x_wconf 87' lang='grc' dir='ltr'><em>μος</em></span> <span class='ocrx_word' id='word_1_14' title='bbox 367 403 665 455; x_wconf 82' lang='grc' dir='ltr'><em>Κικόνεσσι</em></span> <span class='ocrx_word' id='word_1_15' title='bbox 703 399 976 467; x_wconf 86' lang='grc' dir='ltr'><em>πέλασσε.]</em></span> 
     </span>
     <span class='ocr_line' id='line_1_4' title="bbox 343 481 1916 552; baseline -0.001 -15"><span class='ocrx_word' id='word_1_16' title='bbox 343 483 464 537; x_wconf 81' lang='grc' dir='ltr'><em>Ἐὰν</em></span> <span class='ocrx_word' id='word_1_17' title='bbox 517 482 703 552; x_wconf 87' lang='grc' dir='ltr'><em>μέντοι</em></span> <span class='ocrx_word' id='word_1_18' title='bbox 760 482 942 549; x_wconf 85' lang='grc' dir='ltr'><em>στίχος</em></span> <span class='ocrx_word' id='word_1_19' title='bbox 987 481 1220 550; x_wconf 77' lang='grc' dir='ltr'><strong><em>ἡρωϊκὸς</em></strong></span> <span class='ocrx_word' id='word_1_20' title='bbox 1268 482 1597 544; x_wconf 80' lang='grc' dir='ltr'><em>σπονδείους</em></span> <span class='ocrx_word' id='word_1_21' title='bbox 1643 485 1734 552; x_wconf 80' lang='grc' dir='ltr'><em>ἔχῃ</em></span> <span class='ocrx_word' id='word_1_22' title='bbox 1784 498 1916 551; x_wconf 80' lang='grc' dir='ltr'><em>συγ-</em></span> 
     </span>
     <span class='ocr_line' id='line_1_5' title="bbox 227 560 1916 634; baseline -0.002 -15"><span class='ocrx_word' id='word_1_23' title='bbox 227 563 754 634; x_wconf 81' lang='grc' dir='ltr'><em>καταμεμιγμένους,</em></span> <span class='ocrx_word' id='word_1_24' title='bbox 817 560 1037 630; x_wconf 87' lang='grc' dir='ltr'><em>ὁμοίως·</em></span> <span class='ocrx_word' id='word_1_25' title='bbox 1102 561 1162 615; x_wconf 83' lang='grc' dir='ltr'><em>ἐν</em></span> <span class='ocrx_word' id='word_1_26' title='bbox 1221 563 1325 631; x_wconf 78' lang='grc' dir='ltr'><em>γὰρ</em></span> <span class='ocrx_word' id='word_1_27' title='bbox 1380 571 1498 625; x_wconf 86' lang='grc' dir='ltr'><em>ταῖς</em></span> <span class='ocrx_word' id='word_1_28' title='bbox 1552 563 1916 632; x_wconf 80' lang='grc' dir='ltr'><em>ἁρμοζούσαις</em></span> 
     </span>
     <span class='ocr_line' id='line_1_6' title="bbox 185 636 1916 716; baseline 0 -18"><span class='ocrx_word' id='word_1_29' title='bbox 185 668 203 698; x_wconf 87' lang='lat'><strong>5</strong></span> <span class='ocrx_word' id='word_1_30' title='bbox 227 645 566 716; x_wconf 82' lang='grc' dir='ltr'><em>προσθέσεσί</em></span> <span class='ocrx_word' id='word_1_31' title='bbox 602 664 658 696; x_wconf 90' lang='grc' dir='ltr'><em>τε</em></span> <span class='ocrx_word' id='word_1_32' title='bbox 698 641 789 695; x_wconf 86' lang='grc' dir='ltr'><em>καὶ</em></span> <span class='ocrx_word' id='word_1_33' title='bbox 830 641 1153 711; x_wconf 87' lang='grc' dir='ltr'><em>ἀφαιρέσεσι</em></span> <span class='ocrx_word' id='word_1_34' title='bbox 1191 643 1252 695; x_wconf 91' lang='grc' dir='ltr'><em>τὸ</em></span> <span class='ocrx_word' id='word_1_35' title='bbox 1294 636 1442 705; x_wconf 84' lang='grc' dir='ltr'><em>εἶδος</em></span> <span class='ocrx_word' id='word_1_36' title='bbox 1483 646 1559 707; x_wconf 79' lang='grc' dir='ltr'><em>εἰς</em></span> <span class='ocrx_word' id='word_1_37' title='bbox 1597 646 1916 698; x_wconf 89' lang='grc' dir='ltr'><em>ἀναπαιστι-</em></span> 
     </span>
     <span class='ocr_line' id='line_1_7' title="bbox 229 723 1552 796; baseline -0.005 -15"><span class='ocrx_word' id='word_1_38' title='bbox 229 730 328 781; x_wconf 84' lang='grc' dir='ltr'><em>κὸν</em></span> <span class='ocrx_word' id='word_1_39' title='bbox 367 728 519 796; x_wconf 79' lang='grc' dir='ltr'><em>ὑγιὲς</em></span> <span class='ocrx_word' id='word_1_40' title='bbox 558 726 904 791; x_wconf 81' lang='grc' dir='ltr'><em>ἀλλάσσεται,</em></span> <span class='ocrx_word' id='word_1_41' title='bbox 943 724 1017 786; x_wconf 84' lang='grc' dir='ltr'><em>ὡς</em></span> <span class='ocrx_word' id='word_1_42' title='bbox 1057 723 1143 776; x_wconf 82' lang='grc' dir='ltr'><em>ἐπὶ</em></span> <span class='ocrx_word' id='word_1_43' title='bbox 1183 725 1347 776; x_wconf 87' lang='grc' dir='ltr'><em>τοῦδε</em></span> <span class='ocrx_word' id='word_1_44' title='bbox 1387 723 1473 795; x_wconf 87' lang='grc' dir='ltr'><em>(Η</em></span> <span class='ocrx_word' id='word_1_45' title='bbox 1497 723 1552 795; x_wconf 87' lang='grc'><em>1)</em></span> 
     </span>
     <span class='ocr_line' id='line_1_8' title="bbox 377 811 2060 886; baseline -0.001 -18"><span class='ocrx_word' id='word_1_46' title='bbox 377 816 450 879; x_wconf 85' lang='grc' dir='ltr'><em>ὣς</em></span> <span class='ocrx_word' id='word_1_47' title='bbox 489 815 660 868; x_wconf 81' lang='grc' dir='ltr'><em>εἰπὼν</em></span> <span class='ocrx_word' id='word_1_48' title='bbox 698 811 920 865; x_wconf 82' lang='grc' dir='ltr'><em>πυλέων</em></span> <span class='ocrx_word' id='word_1_49' title='bbox 959 811 1214 876; x_wconf 78' lang='grc' dir='ltr'><em>ἐξέσσυτο</em></span> <span class='ocrx_word' id='word_1_50' title='bbox 1255 815 1517 882; x_wconf 77' lang='grc' dir='ltr'><em>φαίδιμος</em></span> <span class='ocrx_word' id='word_1_51' title='bbox 1544 813 1776 886; x_wconf 56' lang='grc' dir='ltr'><em>’Ἕκτωρ</em></span> <span class='ocrx_word' id='word_1_52' title='bbox 1949 822 2060 880; x_wconf 77' lang='grc'><strong>(139]</strong></span> 
     </span>
     <span class='ocr_line' id='line_1_9' title="bbox 231 901 1917 974; baseline 0 -16"><span class='ocrx_word' id='word_1_53' title='bbox 231 905 328 958; x_wconf 85' lang='grc' dir='ltr'><em>ἐὰν</em></span> <span class='ocrx_word' id='word_1_54' title='bbox 367 909 703 973; x_wconf 81' lang='grc' dir='ltr'><em>προσθῶμεν</em></span> <span class='ocrx_word' id='word_1_55' title='bbox 733 901 948 970; x_wconf 83' lang='grc' dir='ltr'><em>μακρὰν</em></span> <span class='ocrx_word' id='word_1_56' title='bbox 979 901 1114 952; x_wconf 85' lang='grc' dir='ltr'><em>κατὰ</em></span> <span class='ocrx_word' id='word_1_57' title='bbox 1144 902 1246 969; x_wconf 87' lang='grc' dir='ltr'><em>τὴν</em></span> <span class='ocrx_word' id='word_1_58' title='bbox 1278 901 1466 971; x_wconf 82' lang='grc' dir='ltr'><em>ἀρχήν,</em></span> <span class='ocrx_word' id='word_1_59' title='bbox 1506 902 1658 972; x_wconf 77' lang='grc' dir='ltr'><em>ὑγιὲς</em></span> <span class='ocrx_word' id='word_1_60' title='bbox 1690 903 1917 974; x_wconf 86' lang='grc' dir='ltr'><em>ἐποίησα</em></span> 
     </span>
     <span class='ocr_line' id='line_1_10' title="bbox 233 986 627 1039; baseline -0.008 0"><span class='ocrx_word' id='word_1_61' title='bbox 233 986 627 1039; x_wconf 81' lang='grc' dir='ltr'><em>ἀναπαιστικόν</em></span> 
     </span>
     <span class='ocr_line' id='line_1_11' title="bbox 165 1062 1847 1137; baseline 0.001 -18"><span class='ocrx_word' id='word_1_62' title='bbox 165 1088 206 1120; x_wconf 85' lang='grc' dir='ltr'><em>ιο</em></span> <span class='ocrx_word' id='word_1_63' title='bbox 379 1067 553 1128; x_wconf 85' lang='grc' dir='ltr'><em>οὕτως</em></span> <span class='ocrx_word' id='word_1_64' title='bbox 585 1064 756 1118; x_wconf 83' lang='grc' dir='ltr'><em>εἰπὼν</em></span> <span class='ocrx_word' id='word_1_65' title='bbox 787 1062 1007 1116; x_wconf 81' lang='grc' dir='ltr'><em>πυλέων</em></span> <span class='ocrx_word' id='word_1_66' title='bbox 1039 1063 1294 1126; x_wconf 81' lang='grc' dir='ltr'><em>ἐξέσσυτο</em></span> <span class='ocrx_word' id='word_1_67' title='bbox 1329 1068 1593 1134; x_wconf 82' lang='grc' dir='ltr'><em>φαίδιμος</em></span> <span class='ocrx_word' id='word_1_68' title='bbox 1615 1066 1847 1137; x_wconf 65' lang='grc' dir='ltr'><em>ΓΈκτωρ·</em></span> 
     </span>
     <span class='ocr_line' id='line_1_12' title="bbox 235 1154 934 1224; baseline -0.009 -15"><span class='ocrx_word' id='word_1_69' title='bbox 235 1155 266 1224; x_wconf 78' lang='grc' dir='ltr'>ἢ</span> <span class='ocrx_word' id='word_1_70' title='bbox 305 1156 472 1208; x_wconf 87' lang='grc' dir='ltr'><em>πάλιν</em></span> <span class='ocrx_word' id='word_1_71' title='bbox 513 1155 615 1207; x_wconf 93' lang='grc' dir='ltr'><em>δύο</em></span> <span class='ocrx_word' id='word_1_72' title='bbox 655 1154 934 1222; x_wconf 85' lang='grc' dir='ltr'><em>βραχείας·</em></span> 
     </span>
     <span class='ocr_line' id='line_1_13' title="bbox 378 1239 1511 1305; baseline 0 -9"><span class='ocrx_word' id='word_1_73' title='bbox 378 1243 405 1296; x_wconf 88' lang='grc' dir='ltr'>ὁ</span> <span class='ocrx_word' id='word_1_74' title='bbox 447 1243 507 1296; x_wconf 81' lang='grc' dir='ltr'><em>δὲ</em></span> <span class='ocrx_word' id='word_1_75' title='bbox 547 1243 618 1305; x_wconf 81' lang='grc' dir='ltr'><em>ὣς</em></span> <span class='ocrx_word' id='word_1_76' title='bbox 659 1241 829 1295; x_wconf 85' lang='grc' dir='ltr'><em>εἰπὼν</em></span> <span class='ocrx_word' id='word_1_77' title='bbox 868 1240 1088 1293; x_wconf 85' lang='grc' dir='ltr'><em>πυλέων</em></span> <span class='ocrx_word' id='word_1_78' title='bbox 1128 1239 1399 1304; x_wconf 81' lang='grc' dir='ltr'><em>ἐξέσσυτο.</em></span> <span class='ocrx_word' id='word_1_79' title='bbox 1438 1276 1511 1282; x_wconf 86' lang='grc'><strong>-</strong></span> 
     </span>
     <span class='ocr_line' id='line_1_14' title="bbox 230 1326 1919 1403; baseline 0.001 -18"><span class='ocrx_word' id='word_1_80' title='bbox 230 1333 342 1385; x_wconf 84' lang='grc' dir='ltr'><em>Διὰ</em></span> <span class='ocrx_word' id='word_1_81' title='bbox 380 1334 435 1385; x_wconf 91' lang='grc' dir='ltr'><em>τί</em></span> <span class='ocrx_word' id='word_1_82' title='bbox 473 1329 533 1384; x_wconf 74' lang='grc' dir='ltr'><em>δὲ</em></span> <span class='ocrx_word' id='word_1_83' title='bbox 574 1332 635 1385; x_wconf 85' lang='grc' dir='ltr'><em>ἐν</em></span> <span class='ocrx_word' id='word_1_84' title='bbox 672 1339 736 1401; x_wconf 73' lang='grc' dir='ltr'><em>τῇ</em></span> <span class='ocrx_word' id='word_1_85' title='bbox 777 1328 964 1399; x_wconf 85' lang='grc' dir='ltr'><em>πρώτῃ</em></span> <span class='ocrx_word' id='word_1_86' title='bbox 1003 1326 1443 1400; x_wconf 72' lang='grc' dir='ltr'><em>ἐπιπλοκῇκατά</em></span> <span class='ocrx_word' id='word_1_87' title='bbox 1478 1335 1611 1399; x_wconf 90' lang='grc' dir='ltr'><em>μίαν</em></span> <span class='ocrx_word' id='word_1_88' title='bbox 1651 1334 1919 1403; x_wconf 82' lang='grc' dir='ltr'><em>ἀφαιροῦ-</em></span> 
     </span>
     <span class='ocr_line' id='line_1_15' title="bbox 229 1410 1921 1482; baseline 0.001 -15"><span class='ocrx_word' id='word_1_89' title='bbox 229 1434 331 1481; x_wconf 90' lang='grc' dir='ltr'><em>μεν</em></span> <span class='ocrx_word' id='word_1_90' title='bbox 385 1412 474 1466; x_wconf 85' lang='grc' dir='ltr'><em>καὶ</em></span> <span class='ocrx_word' id='word_1_91' title='bbox 528 1414 926 1482; x_wconf 79' lang='grc' dir='ltr'><em>προστίθεμεν,</em></span> <span class='ocrx_word' id='word_1_92' title='bbox 982 1410 1043 1463; x_wconf 83' lang='grc' dir='ltr'><em>ἐν</em></span> <span class='ocrx_word' id='word_1_93' title='bbox 1098 1412 1158 1464; x_wconf 81' lang='grc' dir='ltr'><em>δὲ</em></span> <span class='ocrx_word' id='word_1_94' title='bbox 1208 1413 1426 1475; x_wconf 86' lang='grc' dir='ltr'><em>τούτοις</em></span> <span class='ocrx_word' id='word_1_95' title='bbox 1472 1412 1604 1467; x_wconf 81' lang='grc' dir='ltr'><em>ἔσθ’</em></span> <span class='ocrx_word' id='word_1_96' title='bbox 1651 1415 1738 1467; x_wconf 86' lang='grc' dir='ltr'><em>ὅτε</em></span> <span class='ocrx_word' id='word_1_97' title='bbox 1784 1417 1921 1468; x_wconf 84' lang='grc' dir='ltr'><em>κατὰ</em></span> 
     </span>
     <span class='ocr_line' id='line_1_16' title="bbox 166 1491 1920 1564; baseline 0 -16"><span class='ocrx_word' id='word_1_98' title='bbox 166 1516 206 1549; x_wconf 84' lang='lat'><em>15</em></span> <span class='ocrx_word' id='word_1_99' title='bbox 234 1496 359 1560; x_wconf 71' lang='grc' dir='ltr'><em>δύος</em></span> <span class='ocrx_word' id='word_1_100' title='bbox 409 1496 643 1562; x_wconf 77' lang='grc' dir='ltr'><em>μάλιστα</em></span> <span class='ocrx_word' id='word_1_101' title='bbox 683 1494 784 1563; x_wconf 80' lang='grc' dir='ltr'><em>μὲν</em></span> <span class='ocrx_word' id='word_1_102' title='bbox 824 1491 940 1546; x_wconf 83' lang='grc' dir='ltr'><em>ε’πεὶ</em></span> <span class='ocrx_word' id='word_1_103' title='bbox 980 1492 1160 1545; x_wconf 80' lang='grc' dir='ltr'><em>ἐκεῖνα</em></span> <span class='ocrx_word' id='word_1_104' title='bbox 1201 1491 1254 1557; x_wconf 79' lang='grc' dir='ltr'><em>ἐξ</em></span> <span class='ocrx_word' id='word_1_105' title='bbox 1296 1493 1485 1547; x_wconf 82' lang='grc' dir='ltr'><em>ἁπλῶν</em></span> <span class='ocrx_word' id='word_1_106' title='bbox 1525 1496 1627 1548; x_wconf 91' lang='grc' dir='ltr'><em>δύο</em></span> <span class='ocrx_word' id='word_1_107' title='bbox 1669 1496 1920 1564; x_wconf 77' lang='grc' dir='ltr'><em>σύγκειν-</em></span> 
     </span>
     <span class='ocr_line' id='line_1_17' title="bbox 231 1573 1927 1649; baseline 0 -19"><span class='ocrx_word' id='word_1_108' title='bbox 231 1597 318 1630; x_wconf 91' lang='grc' dir='ltr'><em>ται</em></span> <span class='ocrx_word' id='word_1_109' title='bbox 358 1579 677 1644; x_wconf 87' lang='grc' dir='ltr'><em>συλλαβῶν,</em></span> <span class='ocrx_word' id='word_1_110' title='bbox 724 1582 893 1628; x_wconf 84' lang='grc' dir='ltr'><em>ταῦτα</em></span> <span class='ocrx_word' id='word_1_111' title='bbox 942 1573 1003 1626; x_wconf 82' lang='grc' dir='ltr'><em>δὲ</em></span> <span class='ocrx_word' id='word_1_112' title='bbox 1050 1573 1108 1626; x_wconf 82' lang='grc' dir='ltr'><em>ἐκ</em></span> <span class='ocrx_word' id='word_1_113' title='bbox 1154 1584 1344 1643; x_wconf 86' lang='grc' dir='ltr'><em>τριῶν·</em></span> <span class='ocrx_word' id='word_1_114' title='bbox 1401 1574 1489 1628; x_wconf 86' lang='grc' dir='ltr'><em>καὶ</em></span> <span class='ocrx_word' id='word_1_115' title='bbox 1530 1577 1712 1647; x_wconf 82' lang='grc' dir='ltr'><em>ὥσπερ</em></span> <span class='ocrx_word' id='word_1_116' title='bbox 1754 1575 1815 1630; x_wconf 80' lang='grc' dir='ltr'><em>ἐν</em></span> <span class='ocrx_word' id='word_1_117' title='bbox 1852 1584 1927 1649; x_wconf 80' lang='grc' dir='ltr'><em>τῷ</em></span> 
     </span>
     <span class='ocr_line' id='line_1_18' title="bbox 230 1656 1920 1728; baseline 0 -17"><span class='ocrx_word' id='word_1_118' title='bbox 230 1657 352 1728; x_wconf 85' lang='grc' dir='ltr'><em>περὶ</em></span> <span class='ocrx_word' id='word_1_119' title='bbox 393 1661 729 1726; x_wconf 79' lang='grc' dir='ltr'><em>καταλήξεως</em></span> <span class='ocrx_word' id='word_1_120' title='bbox 768 1657 1062 1724; x_wconf 87' lang='grc' dir='ltr'><em>διεσήμανε</em></span> <span class='ocrx_word' id='word_1_121' title='bbox 1100 1656 1161 1708; x_wconf 90' lang='grc' dir='ltr'><em>τὸ</em></span> <span class='ocrx_word' id='word_1_122' title='bbox 1201 1659 1595 1725; x_wconf 86' lang='grc' dir='ltr'><em>καταληκτικὸν</em></span> <span class='ocrx_word' id='word_1_123' title='bbox 1633 1659 1724 1710; x_wconf 86' lang='grc' dir='ltr'><em>καὶ</em></span> <span class='ocrx_word' id='word_1_124' title='bbox 1755 1658 1920 1726; x_wconf 86' lang='grc' dir='ltr'><em>ὑπερ-</em></span> 
     </span>
     <span class='ocr_line' id='line_1_19' title="bbox 233 1735 1920 1807; baseline 0.001 -15"><span class='ocrx_word' id='word_1_125' title='bbox 233 1741 643 1807; x_wconf 86' lang='grc' dir='ltr'><em>καταληκτικόν,</em></span> <span class='ocrx_word' id='word_1_126' title='bbox 684 1738 858 1799; x_wconf 79' lang='grc' dir='ltr'><em>οὕτως</em></span> <span class='ocrx_word' id='word_1_127' title='bbox 896 1735 988 1789; x_wconf 86' lang='grc' dir='ltr'><em>καὶ</em></span> <span class='ocrx_word' id='word_1_128' title='bbox 1021 1735 1266 1789; x_wconf 84' lang='grc' dir='ltr'><em>ἐνταῦθα</em></span> <span class='ocrx_word' id='word_1_129' title='bbox 1299 1739 1364 1790; x_wconf 87' lang='grc' dir='ltr'><em>οὐ</em></span> <span class='ocrx_word' id='word_1_130' title='bbox 1399 1739 1534 1790; x_wconf 80' lang='grc' dir='ltr'><em>κατὰ</em></span> <span class='ocrx_word' id='word_1_131' title='bbox 1564 1741 1698 1805; x_wconf 90' lang='grc' dir='ltr'><em>μίαν</em></span> <span class='ocrx_word' id='word_1_132' title='bbox 1728 1742 1920 1807; x_wconf 93' lang='grc' dir='ltr'><em>μόνον,</em></span> 
     </span>
     <span class='ocr_line' id='line_1_20' title="bbox 234 1815 1918 1889; baseline -0.001 -15"><span class='ocrx_word' id='word_1_133' title='bbox 234 1820 360 1874; x_wconf 84' lang='grc' dir='ltr'><em>ἀλλ’</em></span> <span class='ocrx_word' id='word_1_134' title='bbox 407 1820 582 1874; x_wconf 81' lang='grc' dir='ltr'><em>ἐνίοτε</em></span> <span class='ocrx_word' id='word_1_135' title='bbox 635 1817 727 1872; x_wconf 87' lang='grc' dir='ltr'><em>καὶ</em></span> <span class='ocrx_word' id='word_1_136' title='bbox 781 1820 915 1871; x_wconf 79' lang='grc' dir='ltr'><em>κατὰ</em></span> <span class='ocrx_word' id='word_1_137' title='bbox 970 1819 1087 1871; x_wconf 89' lang='grc' dir='ltr'><em>δύο.</em></span> <span class='ocrx_word' id='word_1_138' title='bbox 1175 1816 1255 1870; x_wconf 80' lang='grc' dir='ltr'><em>ἔτι</em></span> <span class='ocrx_word' id='word_1_139' title='bbox 1311 1815 1370 1870; x_wconf 79' lang='grc' dir='ltr'><em>δὲ</em></span> <span class='ocrx_word' id='word_1_140' title='bbox 1425 1819 1644 1873; x_wconf 87' lang='grc' dir='ltr'><em>κάκεῖνο</em></span> <span class='ocrx_word' id='word_1_141' title='bbox 1701 1820 1918 1889; x_wconf 80' lang='grc' dir='ltr'><em>ῥητέον·</em></span> 
     </span>
     <span class='ocr_line' id='line_1_21' title="bbox 166 1898 1920 1972; baseline -0.001 -17"><span class='ocrx_word' id='word_1_142' title='bbox 166 1924 209 1955; x_wconf 76' lang='lat'><em>20</em></span> <span class='ocrx_word' id='word_1_143' title='bbox 235 1902 414 1955; x_wconf 86' lang='grc' dir='ltr'><em>ἐκεῖνα</em></span> <span class='ocrx_word' id='word_1_144' title='bbox 468 1898 570 1968; x_wconf 73' lang='grc' dir='ltr'><em>μὲν</em></span> <span class='ocrx_word' id='word_1_145' title='bbox 620 1900 681 1954; x_wconf 80' lang='grc' dir='ltr'><em>ἐν</em></span> <span class='ocrx_word' id='word_1_146' title='bbox 729 1901 1047 1954; x_wconf 87' lang='grc' dir='ltr'><em>διπλασίονι</em></span> <span class='ocrx_word' id='word_1_147' title='bbox 1093 1908 1264 1952; x_wconf 88' lang='grc' dir='ltr'><em>κεῖται</em></span> <span class='ocrx_word' id='word_1_148' title='bbox 1312 1901 1480 1972; x_wconf 80' lang='grc' dir='ltr'><em>λόγῳ,</em></span> <span class='ocrx_word' id='word_1_149' title='bbox 1526 1909 1695 1954; x_wconf 87' lang='grc' dir='ltr'><em>ταῦτα</em></span> <span class='ocrx_word' id='word_1_150' title='bbox 1751 1902 1812 1954; x_wconf 79' lang='grc' dir='ltr'><em>δὲ</em></span> <span class='ocrx_word' id='word_1_151' title='bbox 1859 1901 1920 1954; x_wconf 81' lang='grc' dir='ltr'><em>ἐν</em></span> 
     </span>
     <span class='ocr_line' id='line_1_22' title="bbox 237 1979 1920 2055; baseline -0.001 -19"><span class='ocrx_word' id='word_1_152' title='bbox 237 1989 356 2055; x_wconf 80' lang='grc' dir='ltr'><em>ἴσῳ·</em></span> <span class='ocrx_word' id='word_1_153' title='bbox 396 1984 534 2052; x_wconf 88' lang='grc' dir='ltr'><em>πρὸς</em></span> <span class='ocrx_word' id='word_1_154' title='bbox 574 1979 678 2035; x_wconf 81' lang='grc' dir='ltr'><em>οὖν</em></span> <span class='ocrx_word' id='word_1_155' title='bbox 717 1984 817 2051; x_wconf 82' lang='grc' dir='ltr'><em>τὴν</em></span> <span class='ocrx_word' id='word_1_156' title='bbox 855 1983 989 2050; x_wconf 90' lang='grc' dir='ltr'><em>μίαν</em></span> <span class='ocrx_word' id='word_1_157' title='bbox 1027 1982 1243 2050; x_wconf 83' lang='grc' dir='ltr'><em>μακρὰν</em></span> <span class='ocrx_word' id='word_1_158' title='bbox 1274 1982 1368 2043; x_wconf 78' lang='grc' dir='ltr'><em>τὰς</em></span> <span class='ocrx_word' id='word_1_159' title='bbox 1407 1982 1509 2034; x_wconf 94' lang='grc' dir='ltr'><em>δύο</em></span> <span class='ocrx_word' id='word_1_160' title='bbox 1544 1983 1628 2034; x_wconf 89' lang='grc' dir='ltr'><em>δεῖ</em></span> <span class='ocrx_word' id='word_1_161' title='bbox 1660 1982 1920 2051; x_wconf 85' lang='grc' dir='ltr'><em>ἀφαιρεῖν</em></span> 
     </span>
     <span class='ocr_line' id='line_1_23' title="bbox 235 2061 1919 2134; baseline -0.001 -17"><span class='ocrx_word' id='word_1_162' title='bbox 235 2063 266 2132; x_wconf 81' lang='grc' dir='ltr'>ἢ</span> <span class='ocrx_word' id='word_1_163' title='bbox 313 2063 676 2133; x_wconf 79' lang='grc' dir='ltr'><em>προστιθέναι</em></span> <span class='ocrx_word' id='word_1_164' title='bbox 724 2065 1002 2132; x_wconf 75' lang='grc' dir='ltr'><em>βραχείας,</em></span> <span class='ocrx_word' id='word_1_165' title='bbox 1057 2062 1150 2115; x_wconf 82' lang='grc' dir='ltr'><em>ἵνα</em></span> <span class='ocrx_word' id='word_1_166' title='bbox 1195 2062 1256 2116; x_wconf 80' lang='grc' dir='ltr'><em>ἐν</em></span> <span class='ocrx_word' id='word_1_167' title='bbox 1305 2068 1402 2134; x_wconf 78' lang='grc' dir='ltr'><em>ἴσῳ</em></span> <span class='ocrx_word' id='word_1_168' title='bbox 1450 2061 1478 2115; x_wconf 88' lang='grc' dir='ltr'>ὁ</span> <span class='ocrx_word' id='word_1_169' title='bbox 1527 2065 1690 2131; x_wconf 78' lang='grc' dir='ltr'><em>λόγος</em></span> <span class='ocrx_word' id='word_1_170' title='bbox 1736 2065 1919 2132; x_wconf 89' lang='grc' dir='ltr'><em>διατη-</em></span> 
     </span>
     <span class='ocr_line' id='line_1_24' title="bbox 235 2151 396 2215; baseline 0.006 -1"><span class='ocrx_word' id='word_1_171' title='bbox 235 2151 396 2215; x_wconf 50' lang='lat'><em>9⁷1³&amp;-</em></span> 
     </span>
     <span class='ocr_line' id='line_1_25' title="bbox 347 2223 1974 2297; baseline 0.002 -19"><span class='ocrx_word' id='word_1_172' title='bbox 347 2226 394 2278; x_wconf 85' lang='lat'><em>3.</em></span> <span class='ocrx_word' id='word_1_173' title='bbox 451 2224 526 2277; x_wconf 72' lang='lat' dir='ltr'><em>eH</em></span> <span class='ocrx_word' id='word_1_174' title='bbox 566 2223 625 2278; x_wconf 73' lang='grc' dir='ltr'><em>δὲ</em></span> <span class='ocrx_word' id='word_1_175' title='bbox 671 2228 824 2295; x_wconf 85' lang='grc' dir='ltr'><em>τρίτη</em></span> <span class='ocrx_word' id='word_1_176' title='bbox 873 2226 1136 2294; x_wconf 82' lang='grc' dir='ltr'><em>ἐπιπλοκὴ</em></span> <span class='ocrx_word' id='word_1_177' title='bbox 1184 2231 1426 2279; x_wconf 90' lang='grc' dir='ltr'><em>καλεῖται</em></span> <span class='ocrx_word' id='word_1_178' title='bbox 1473 2227 1575 2295; x_wconf 80' lang='grc' dir='ltr'><em>μὲν</em></span> <span class='ocrx_word' id='word_1_179' title='bbox 1613 2228 1917 2297; x_wconf 83' lang='grc' dir='ltr'><em>τετραδική,</em></span> <span class='ocrx_word' id='word_1_180' title='bbox 1951 2243 1974 2281; x_wconf 83' lang='grc'>7</span> 
     </span>
     <span class='ocr_line' id='line_1_26' title="bbox 170 2306 1919 2377; baseline 0.002 -17"><span class='ocrx_word' id='word_1_181' title='bbox 170 2329 211 2361; x_wconf 84' lang='lat'><em>25</em></span> <span class='ocrx_word' id='word_1_182' title='bbox 237 2306 421 2375; x_wconf 81' lang='grc' dir='ltr'><em>ἐπειδὴ</em></span> <span class='ocrx_word' id='word_1_183' title='bbox 462 2306 696 2377; x_wconf 90' lang='grc' dir='ltr'><em>τέσσαρα</em></span> <span class='ocrx_word' id='word_1_184' title='bbox 729 2306 781 2370; x_wconf 80' lang='grc' dir='ltr'><em>ἐξ</em></span> <span class='ocrx_word' id='word_1_185' title='bbox 823 2309 990 2376; x_wconf 83' lang='grc' dir='ltr'><em>αὐτῆς</em></span> <span class='ocrx_word' id='word_1_186' title='bbox 1021 2309 1140 2376; x_wconf 74' lang='grc' dir='ltr'><em>εἴδη</em></span> <span class='ocrx_word' id='word_1_187' title='bbox 1173 2306 1534 2376; x_wconf 81' lang='grc' dir='ltr'><em>ἐπιπλέκεται,</em></span> <span class='ocrx_word' id='word_1_188' title='bbox 1573 2308 1919 2364; x_wconf 89' lang='grc' dir='ltr'><em>ἀντισπαστι-</em></span> 
     </span>
     <span class='ocr_line' id='line_1_27' title="bbox 237 2388 1921 2459; baseline 0.003 -19"><span class='ocrx_word' id='word_1_189' title='bbox 237 2389 335 2440; x_wconf 86' lang='grc' dir='ltr'><em>κὸν</em></span> <span class='ocrx_word' id='word_1_190' title='bbox 375 2390 733 2457; x_wconf 86' lang='grc' dir='ltr'><em>χοριαμβικὸν</em></span> <span class='ocrx_word' id='word_1_191' title='bbox 774 2390 965 2442; x_wconf 82' lang='grc' dir='ltr'><em>ἰωνικὰ</em></span> <span class='ocrx_word' id='word_1_192' title='bbox 1004 2390 1125 2457; x_wconf 92' lang='grc' dir='ltr'><em>δύο,</em></span> <span class='ocrx_word' id='word_1_193' title='bbox 1166 2388 1427 2458; x_wconf 80' lang='grc' dir='ltr'><em>ἑξάσημος</em></span> <span class='ocrx_word' id='word_1_194' title='bbox 1464 2389 1540 2457; x_wconf 88' lang='grc' dir='ltr'><em>δέ,</em></span> <span class='ocrx_word' id='word_1_195' title='bbox 1582 2389 1767 2459; x_wconf 84' lang='grc' dir='ltr'><em>ἐπειδὴ</em></span> <span class='ocrx_word' id='word_1_196' title='bbox 1801 2391 1921 2446; x_wconf 80' lang='grc' dir='ltr'><em>ἔκα-</em></span> 
     </span>
     <span class='ocr_line' id='line_1_28' title="bbox 239 2468 1918 2538; baseline 0.003 -17"><span class='ocrx_word' id='word_1_197' title='bbox 239 2483 364 2531; x_wconf 90' lang='grc' dir='ltr'><em>στος</em></span> <span class='ocrx_word' id='word_1_198' title='bbox 410 2471 623 2522; x_wconf 90' lang='grc' dir='ltr'><em>τούτων</em></span> <span class='ocrx_word' id='word_1_199' title='bbox 674 2468 963 2538; x_wconf 81' lang='grc' dir='ltr'><em>ἑξάχρονός</em></span> <span class='ocrx_word' id='word_1_200' title='bbox 1010 2469 1173 2523; x_wconf 82' lang='grc' dir='ltr'><em>ἐστιν.</em></span> <span class='ocrx_word' id='word_1_201' title='bbox 1222 2503 1294 2508; x_wconf 85' lang='grc'>-</span> <span class='ocrx_word' id='word_1_202' title='bbox 1345 2469 1710 2525; x_wconf 85' lang='grc' dir='ltr'><em>Ἐπιπλέκεται</em></span> <span class='ocrx_word' id='word_1_203' title='bbox 1758 2473 1819 2526; x_wconf 80' lang='grc' dir='ltr'><em>δὲ</em></span> <span class='ocrx_word' id='word_1_204' title='bbox 1867 2475 1918 2538; x_wconf 82' lang='grc' dir='ltr'><em>ἐξ</em></span> 
     </span>
    </p>
   </div>
   <div class='ocr_carea' id='block_1_3' title="bbox 363 2659 769 2715">
    <p class='ocr_par' dir='ltr' id='par_1_3' title="bbox 363 2659 769 2715">
     <span class='ocr_line' id='line_1_29' title="bbox 363 2659 769 2715; baseline -0.005 -14"><span class='ocrx_word' id='word_1_205' title='bbox 363 2664 411 2702; x_wconf 84' lang='grc'><em>17</em></span> <span class='ocrx_word' id='word_1_206' title='bbox 448 2659 598 2715; x_wconf 78' lang='lat' dir='ltr'><strong>Heph.</strong></span> <span class='ocrx_word' id='word_1_207' title='bbox 627 2664 693 2711; x_wconf 87' lang='grc'><em>13,</em></span> <span class='ocrx_word' id='word_1_208' title='bbox 716 2664 769 2702; x_wconf 82' lang='lat'><em>10</em></span> 
     </span>
    </p>
   </div>
   <div class='ocr_carea' id='block_1_4' title="bbox 242 2813 1920 2988">
    <p class='ocr_par' dir='ltr' id='par_1_4' title="bbox 242 2813 1920 2988">
     <span class='ocr_line' id='line_1_30' title="bbox 360 2813 1920 2873; baseline 0.003 -17"><span class='ocrx_word' id='word_1_209' title='bbox 360 2819 383 2856; x_wconf 78' lang='lat'><strong>2</strong></span> <span class='ocrx_word' id='word_1_210' title='bbox 417 2813 613 2857; x_wconf 86' lang='grc' dir='ltr'><em>πέλασσε</em></span> <span class='ocrx_word' id='word_1_211' title='bbox 646 2828 732 2857; x_wconf 89' lang='lat' dir='ltr'><em>om.</em></span> <span class='ocrx_word' id='word_1_212' title='bbox 759 2815 802 2856; x_wconf 83' lang='lat' dir='ltr'><em>A</em></span> <span class='ocrx_word' id='word_1_213' title='bbox 835 2816 848 2869; x_wconf 87' lang='grc' dir='ltr'><em>ΙΙ</em></span> <span class='ocrx_word' id='word_1_214' title='bbox 882 2819 905 2855; x_wconf 87' lang='grc'><strong>3</strong></span> <span class='ocrx_word' id='word_1_215' title='bbox 940 2815 1022 2859; x_wconf 81' lang='grc' dir='ltr'><em>ἐὰν</em></span> <span class='ocrx_word' id='word_1_216' title='bbox 1058 2817 1110 2870; x_wconf 89' lang='lat' dir='ltr'><em>Y,</em></span> <span class='ocrx_word' id='word_1_217' title='bbox 1142 2814 1230 2860; x_wconf 74' lang='grc' dir='ltr'><em>κᾶν</em></span> <span class='ocrx_word' id='word_1_218' title='bbox 1263 2818 1313 2861; x_wconf 92' lang='grc' dir='ltr'><strong><em>Χ</em></strong></span> <span class='ocrx_word' id='word_1_219' title='bbox 1345 2819 1359 2873; x_wconf 78' lang='grc' dir='ltr'><em>ΙΙ</em></span> <span class='ocrx_word' id='word_1_220' title='bbox 1394 2822 1447 2859; x_wconf 88' lang='grc'><em>14</em></span> <span class='ocrx_word' id='word_1_221' title='bbox 1479 2817 1598 2860; x_wconf 77' lang='grc' dir='ltr'><em>κατὰ</em></span> <span class='ocrx_word' id='word_1_222' title='bbox 1633 2819 1683 2866; x_wconf 84' lang='grc' dir='ltr'><em>Υ,</em></span> <span class='ocrx_word' id='word_1_223' title='bbox 1716 2818 1795 2861; x_wconf 82' lang='grc' dir='ltr'><em>καὶ</em></span> <span class='ocrx_word' id='word_1_224' title='bbox 1830 2819 1878 2861; x_wconf 89' lang='grc' dir='ltr'><strong>Χ</strong></span> <span class='ocrx_word' id='word_1_225' title='bbox 1907 2820 1920 2873; x_wconf 84' lang='grc' dir='ltr'>Η</span> 
     </span>
     <span class='ocr_line' id='line_1_31' title="bbox 244 2874 1919 2933; baseline 0.004 -19"><span class='ocrx_word' id='word_1_226' title='bbox 244 2877 295 2914; x_wconf 85' lang='grc'><em>16</em></span> <span class='ocrx_word' id='word_1_227' title='bbox 322 2879 682 2927; x_wconf 74' lang='grc' dir='ltr'><em>ταῦτα-τριῶν</em></span> <span class='ocrx_word' id='word_1_228' title='bbox 710 2874 760 2925; x_wconf 83' lang='lat' dir='ltr'><em>Y,</em></span> <span class='ocrx_word' id='word_1_229' title='bbox 787 2886 873 2916; x_wconf 88' lang='lat' dir='ltr'><em>om.</em></span> <span class='ocrx_word' id='word_1_230' title='bbox 895 2875 943 2916; x_wconf 92' lang='lat' dir='ltr'><strong><em>X</em></strong></span> <span class='ocrx_word' id='word_1_231' title='bbox 966 2876 980 2930; x_wconf 80' lang='grc' dir='ltr'><em>ΙΙ</em></span> <span class='ocrx_word' id='word_1_232' title='bbox 1006 2879 1177 2918; x_wconf 81' lang='lat'>17—18</span> <span class='ocrx_word' id='word_1_233' title='bbox 1203 2875 1629 2931; x_wconf 82' lang='grc' dir='ltr'><em>ὑποκαταληκτικὸν</em></span> <span class='ocrx_word' id='word_1_234' title='bbox 1655 2878 1697 2920; x_wconf 83' lang='grc' dir='ltr'><strong><em>Α</em></strong></span> <span class='ocrx_word' id='word_1_235' title='bbox 1723 2880 1736 2933; x_wconf 87' lang='grc' dir='ltr'><em>ΙΙ</em></span> <span class='ocrx_word' id='word_1_236' title='bbox 1764 2882 1814 2919; x_wconf 88' lang='grc'><em>19</em></span> <span class='ocrx_word' id='word_1_237' title='bbox 1841 2878 1919 2921; x_wconf 82' lang='grc' dir='ltr'><em>καὶ</em></span> 
     </span>
     <span class='ocr_line' id='line_1_32' title="bbox 242 2931 1343 2988; baseline 0.004 -15"><span class='ocrx_word' id='word_1_238' title='bbox 242 2931 358 2973; x_wconf 81' lang='grc' dir='ltr'><em>κατὰ</em></span> <span class='ocrx_word' id='word_1_239' title='bbox 394 2932 446 2984; x_wconf 83' lang='grc' dir='ltr'><em>Υ,</em></span> <span class='ocrx_word' id='word_1_240' title='bbox 479 2932 528 2975; x_wconf 82' lang='grc' dir='ltr'><em>δὲ</em></span> <span class='ocrx_word' id='word_1_241' title='bbox 562 2933 640 2974; x_wconf 80' lang='grc' dir='ltr'><em>καὶ</em></span> <span class='ocrx_word' id='word_1_242' title='bbox 672 2931 791 2975; x_wconf 79' lang='grc' dir='ltr'><em>κατὰ</em></span> <span class='ocrx_word' id='word_1_243' title='bbox 825 2933 872 2975; x_wconf 90' lang='grc' dir='ltr'><em>Χ</em></span> <span class='ocrx_word' id='word_1_244' title='bbox 896 2935 909 2988; x_wconf 84' lang='grc' dir='ltr'><em>ΙΙ</em></span> <span class='ocrx_word' id='word_1_245' title='bbox 936 2937 987 2975; x_wconf 81' lang='lat'><em>27</em></span> <span class='ocrx_word' id='word_1_246' title='bbox 1024 2933 1146 2978; x_wconf 83' lang='grc' dir='ltr'><em>ἐστιν</em></span> <span class='ocrx_word' id='word_1_247' title='bbox 1178 2948 1264 2978; x_wconf 89' lang='lat' dir='ltr'><em>om.</em></span> <span class='ocrx_word' id='word_1_248' title='bbox 1293 2935 1343 2977; x_wconf 91' lang='lat' dir='ltr'><em>X</em></span> 
     </span>
    </p>
   </div>
  </div>
 </body>
</html>
