2060 3168
0 1401 118 1550 ζιθὸ)

8 2489 11 2501 -
6 2273 16 2445 μ--μ-ν-
7 2227 10 2230 »
5 2023 14 2196 ..vn-⁴·2x—
3 1967 14 2003 «v-

659 183 724 223 1x
755 183 901 223 ΠΕΡΙ
930 182 1332 224 ΔΑΚΤΤΜΚΟΤ
1735 182 1843 234 273

154 316 591 386 τετράμετρον
630 315 708 385 δέ,
751 317 1149 385 καταληκτικὸν
1186 314 1287 383 μὲν
1327 318 1403 380 εἰς
1443 318 1741 386 συλλαβήν,
1780 318 1842 370 τὸ

154 396 243 450 καὶ
285 395 675 467 ἑφθημιμερές,
715 392 758 469 ᾧ
783 396 1014 464 Ἀλκμὰν
1054 395 1174 469 (49)
1214 398 1487 468 κέχρηται,

375 486 547 531 ταῦτα
585 477 687 548 μὲν
725 480 798 542 ὡς
837 478 907 532 ἂν
946 479 975 533 ὁ
1017 480 1188 548 δῆμος
1227 481 1366 542 ἅπας
1404 477 1499 550 (=
1525 478 1748 550 Heph.)·

153 561 551 628 καταληκτικὸν
604 562 666 614 δὲ
720 564 798 623 εἰς
852 562 1191 628 δισύλλαβον
1236 562 1298 615 τὸ
1353 557 1444 614 καῖ
1484 559 1844 631 Ἀρχιλόχειον

153 639 378 712 (Archil.
412 639 508 713 98)
1890 665 1908 697 5

375 726 720 793 φαινόμενον
765 726 937 778 κακὸν
983 723 1170 778 οἴκαδ’
1216 726 1451 792 ἄγεσθαι
1500 723 1594 795 (=
1627 723 1843 795 Heph.).

153 803 528 873 ἀκατάληκτον
583 806 643 858 δὲ
690 808 751 860 τὸ
808 807 897 859 καὶ
935 805 1322 876 Ἀρχιλόχειον,
1371 806 1399 859 ὃ
1448 806 1538 859 καὶ
1586 807 1844 875 δίμοιρον

151 882 283 948 ἔπος
322 886 535 955 λέγεται
576 886 800 958 (ΑΓοΙιίΙ.
830 885 977 958 100),

375 968 577 1022 οὐκέθ’
616 970 761 1038 ὅμως
798 970 1025 1031 θάλλεις
1072 968 1286 1022 ἁπαλὸν
1332 971 1466 1038 χρόα
1505 968 1600 1038 (=
1626 968 1841 1038 Heph.).

153 1050 616 1119 Πεντάμετρον
672 1051 757 1118 δέ,
820 1052 1218 1120 καταληκτικὸν
1270 1048 1372 1117 μὲν
1426 1052 1504 1112 εἰς
1558 1052 1842 1119 συλλαβὴν
1867 1072 1909 1104 10

153 1128 223 1200 (B
251 1129 386 1202 441)

374 1213 446 1276 ὣς
485 1211 652 1282 ἔφατ’
690 1213 822 1266 οὐδ’
860 1213 1137 1282 ἀπίθησεν
1176 1213 1309 1278 ἄναξ
1351 1213 1595 1283 ἀνδρῶν·

150 1296 542 1362 καταληκτικὸν
589 1295 649 1348 δὲ
697 1297 773 1357 εἰς
820 1295 1160 1362 δισύλλαβον
1205 1296 1266 1348 τὸ
1318 1296 1664 1362 καλούμενον
1702 1299 1841 1365 Σιμ-

192 1377 332 1428 ίειον

151 1396 186 1444 μ
335 1417 348 1443 a
374 1460 544 1519 χαῖρε,
570 1451 722 1514 ἄναξ,
748 1450 903 1519 ἑτάρε
930 1450 1125 1515 ζαθέας
1148 1451 1325 1518 μάκαρ
1351 1451 1487 1518 ἥβας
1512 1450 1606 1522 (=
1625 1450 1839 1522 Heph.).
1867 1472 1906 1504 15

152 1530 527 1600 ἀκατάληκτον
568 1533 629 1585 δὲ
669 1531 739 1603 (B
766 1530 822 1603 2)

374 1609 542 1666 εὗδον
580 1615 895 1682 παννύχιοι·
937 1616 1050 1667 Δία
1090 1613 1150 1666 δ’
1189 1615 1290 1667 οὐκ
1329 1612 1416 1682 ἔχε
1456 1615 1712 1683 νήδυμος.

144 1691 530 1764 Ἑξάμετρον
585 1691 653 1747 δὲ
707 1697 1102 1763 καταληκτικὸν
1158 1697 1260 1764 μὲν
1314 1697 1391 1758 εἰς
1446 1698 1728 1764 συλλαβὴν
1782 1695 1840 1749 ἐκ

150 1785 261 1828 τῶν
300 1774 606 1845 Ὁμηρικῶν
661 1777 763 1830 οὐκ
817 1780 1033 1846 ἔχομεν·
1090 1782 1144 1830 εἴ
1189 1796 1299 1830 που
1355 1777 1419 1830 δέ
1471 1798 1550 1840 τις
1604 1776 1840 1847 ἐντύχοι,

149 1855 265 1910 ἐστὶ
327 1858 388 1910 τὸ
451 1865 549 1928 μιᾷ
614 1861 860 1929 συλλαβῇ
920 1867 1244 1928 περιττεῦον
1304 1866 1404 1912 τοῦ
1466 1858 1840 1928 πενταμέτρου
1864 1880 1907 1912 20

150 1937 547 2007 ἀκαταλήκτου·
588 1941 951 2008 καταληκτικὰ
992 1937 1052 1993 δὲ
1085 1942 1163 2003 εἰς
1196 1941 1536 2008 δισύλλαβον
1567 1942 1744 1993 πάντα
1775 1942 1841 1993 τὰ

144 2017 401 2089 Ὁμηρικὰ
424 2018 540 2089 ἔπη.
595 2021 970 2089 ἀκατάληκτον
1002 2019 1063 2075 δὲ
1096 2022 1333 2075 σπάνιον
1358 2020 1411 2085 ἐξ
1446 2022 1647 2089 αὐτῶν,
1681 2023 1752 2084 ὡς
1777 2024 1838 2075 τὸ

374 2103 643 2171 Κύκλωψ,
691 2110 781 2170 τῆ,
828 2105 917 2155 πίε
964 2098 1146 2167 οἶνον,
1193 2101 1310 2156 ἐπεὶ
1351 2104 1524 2171 φάγες
1564 2102 1840 2173 ἀνδρόμεα

1215 2183 1348 2254 κρέα
1387 2182 1432 2254 (ι
1461 2183 1610 2255 317).

270 2265 341 2317 Τὸ
399 2266 460 2318 δὲ
514 2266 843 2319 δακτυλικὸν
902 2267 1160 2320 Αἰολικὸν
1205 2267 1340 2319 κατὰ
1386 2262 1487 2332 μὲν
1532 2267 1627 2328 τὰς
1673 2266 1839 2328 ἄλλας
1863 2286 1904 2319 25

149 2347 327 2415 χώρας
380 2349 556 2410 πάσας
612 2346 916 2416 ἐπιδέχεται
971 2348 1229 2409 ὡσαύτως
1274 2353 1348 2419 τῷ
1394 2353 1563 2419 κοινῷ
1604 2347 1734 2409 τούς
1782 2367 1838 2400 τε

150 2429 457 2491 δακτύλους
507 2427 598 2481 καὶ
639 2430 964 2491 σπονδείους
1004 2428 1230 2497 [ὁμοίως
1268 2429 1357 2480 καὶ
1397 2429 1532 2480 κατὰ
1571 2429 1667 2490 τὰς
1706 2428 1837 2481 ἀπο-

149 2508 376 2579 θέσεις],
416 2513 515 2564 τὸν
548 2508 608 2563 δὲ
647 2520 869 2578 πρῶτον
899 2511 1042 2562 πόδα
1073 2507 1182 2579 ἔχει
1215 2509 1313 2562 ἕνα
1344 2518 1455 2562 τῶν
1487 2510 1838 2576 δισυλλάβων

222 2645 307 2744 32}
329 2639 543 2743 {iffiotpov
577 2639 739 2685 ἑπικόν
771 2640 831 2684 Μ.
850 2640 971 2684 Vict.
990 2640 1052 2683 VI
1080 2645 1177 2694 116,
1197 2646 1221 2683 3
1249 2640 1306 2684 al.
1333 2642 1346 2696 ΙΙ
1372 2645 1427 2682 24
1469 2639 1524 2683 cf.
1564 2653 1670 2696 app.
1701 2639 1834 2683 Dion.

150 2715 195 2755 p.
312 2735 323 2754 ‚
373 2706 394 2743 1

269 2821 295 2860 8
330 2818 468 2868 ἔπους
492 2833 529 2874 p
554 2818 679 2862 Caes.
707 2821 721 2874 ΙΙ
747 2823 771 2861 9
805 2817 926 2873 ὁμῶς
956 2817 1103 2874 Heph.
1129 2820 1143 2874 ΙΙ
1169 2824 1221 2861 21
1256 2815 1567 2873 καταληπτικὰ
1600 2816 1836 2870 Hoersch.,

150 2878 486 2932 καταληπτικὸν
519 2877 651 2921 codd.
676 2880 690 2933 ΙΙ
716 2882 768 2919 27
805 2876 875 2933 ὀμ.
898 2904 949 2909 -
968 2877 1112 2921 ἀποθ.
1148 2876 1254 2921 secl.
1281 2876 1516 2929 Hoersch.‚
1550 2875 1630 2931 qui
1663 2875 1836 2919 similia

153 2940 252 2989 274,
273 2941 293 2978 1
330 2939 434 2992 post
464 2935 730 2992 ἀδιάφορον
763 2936 988 2980 excidisse
1019 2939 1176 2992 putat3
1211 2935 1267 2979 cf.
1302 2937 1443 2979 etiam
1476 2935 1628 2978 Trioh.

241 3019 502 3051 annns'rto
527 3020 584 3051 ed.
603 3019 891 3051 Consbrueh.
1514 3013 1566 3052 18
