2090 3158
200 168 270 220 52
397 168 818 209 ΗΦΑΙΣΤΙΩΝΟΣ
848 167 1234 207 ΕΓΧΕΙΡΙΔΙΟΝ
1269 167 1412 207 ΠΕΡΙ
1441 167 1701 230 ΜΕΤΡῼΝ.

199 322 360 372 τερον
401 303 723 370 σπονδεῖον,
763 302 861 355 τὸν
902 300 962 353 δὲ
1002 301 1263 369 δεύτερον
1303 301 1598 353 δάκτυλον·
1649 299 1772 370 παρ’
1813 300 1883 368 ἣν

199 386 382 436 αἰτίαν
428 384 487 436 τὸ
538 380 640 451 μὲν
688 383 947 452 δεύτερον
994 379 1077 434 ἀεὶ
1109 382 1616 450 διπλασιαζόμενον
1661 383 1722 434 τὸ
1771 380 1882 434 ἐλε-

199 476 354 533 γεῖον
401 473 569 533 ποιεῖ,
619 466 680 517 τὸ
730 461 790 516 δὲ
835 465 1106 531 πρότερον
1153 461 1361 531 οὐκέτι,
1414 462 1510 515 ἐὰν
1554 464 1625 532 μὴ
1675 461 1734 516 ἐκ
1781 463 1883 515 δύο

203 547 490 599 δακτύλων
530 547 856 614 συνεστήκῃ·
898 537 1020 596 οἷον
1061 542 1291 614 (Gallim.
1317 542 1451 615 488)

155 647 176 679 5
424 628 632 695 Νήϊδες
672 630 728 679 οἳ
763 625 998 693 Μούσης
1038 625 1139 677 οὐκ
1179 624 1433 692 ἐγένοντο
1474 627 1628 693 φίλοι

201 709 261 759 τὸ
312 707 412 774 μὲν
464 708 725 776 δεύτερον
772 703 1176 759 διπλασιασθὲν
1220 715 1368 759 ποιεῖ
1414 705 1680 775 ἐλεγεῖον,
1725 707 1786 760 τὸ
1828 705 1887 761 δὲ
1921 718 1975 757 53

202 791 471 859 πρότερον
504 790 590 842 οὔ
634 789 769 841 ὥστε
802 788 934 840 αὐτὸ
971 785 1100 841 ποτὲ
1132 809 1234 855 μεν
1265 790 1888 858 τεσσαρεσκαιδεκασύλ-

203 873 374 938 λαβον
407 872 680 937 γίνεσθαι,
720 869 850 922 ποτὲ
884 867 942 921 δὲ
975 870 1624 939 τρισκαιδεκασύλλαβον,
1663 867 1794 923 ποτὲ
1828 868 1888 924 δε

204 952 711 1020 δωδεκασύλλαβον.

137 1055 178 1086 10
315 1033 427 1101 (15)
445 1031 553 1084 Καὶ
579 1039 677 1084 τοῦ
703 1053 803 1099 μεν
823 1033 1635 1102 τεσσαρεσκαιδεκασυλλαβου*
1622 1035 1682 1086 ἐν
1709 1042 1887 1104 σχῆμα
1922 1034 2021 1097 [97]

207 1112 361 1184 (Call.
385 1111 518 1183 489)

426 1196 672 1262 παίσατε,
711 1203 822 1247 τῶν
863 1194 912 1247 δ’
946 1194 1111 1247 ἐτέων
1149 1195 1180 1263 ἡ
1224 1197 1384 1258 δεκὰς
1423 1196 1524 1249 οὐκ
1565 1196 1735 1265 ὀλίγη.

205 1276 402 1344 ὁμοίως
442 1276 502 1328 δὲ
541 1284 640 1329 τοῦ
682 1278 1179 1344 δωδεκασυλλοὲβου
1219 1277 1279 1329 ἕν
1319 1276 1473 1349 (Call.
1499 1276 1633 1348 490)

425 1360 730 1410 τίκτεσθαι·
770 1360 1014 1425 βροντᾶν
1054 1357 1102 1410 δ’
1135 1359 1236 1411 οὐκ
1277 1358 1424 1425 ε’μόν,
1466 1359 1603 1411 ἀλλὰ
1642 1362 1791 1422 Διός.

138 1459 178 1491 15
205 1447 302 1491 τοῦ
352 1435 410 1490 δὲ
458 1440 1092 1508 τρισκαιδεκασυλλάβου
1142 1440 1244 1492 δύο
1293 1442 1557 1509 σχήματα·
1612 1438 1743 1494 ποτε
1790 1437 1890 1510 μὲν

204 1529 417 1587 πρῶτος
457 1520 484 1572 ὁ
527 1521 796 1582 δάκτυλος
835 1519 988 1590 (Call.
1014 1520 1148 1592 488)

425 1602 633 1669 Νήϊδες
673 1605 731 1654 οἳ
766 1603 999 1670 Μούσης
1038 1603 1138 1654 οὐκ
1179 1601 1434 1670 ἐγένοντο
1477 1605 1645 1672 φίλοι.

205 1679 334 1735 ποτε
375 1679 435 1734 δὲ
476 1683 731 1752 δεύτερος
772 1682 925 1753 (Call.
951 1682 1084 1754 491)

428 1763 617 1834 ῥέζειν,
657 1763 746 1817 καὶ
788 1765 1036 1833 στεφέων
1076 1766 1238 1818 εὔαδε
1277 1773 1351 1838 τῷ
1390 1769 1598 1838 Παρίῳ.

139 1867 182 1898 ‘20
319 1851 424 1898 Δεῖ
461 1843 521 1898 δὲ
560 1846 621 1898 τὸ
660 1845 903 1913 ἐλεγεῖον
946 1846 1243 1913 τέμνεσθαι
1284 1848 1500 1910 πάντως
1538 1846 1665 1900 καθ’
1702 1846 1891 1917 ἕτερον

205 1936 315 1979 τῶν
354 1933 802 1997 πενθημιμερῶν·
844 1929 892 1980 εἰ
933 1925 991 1980 δὲ
1029 1930 1118 1996 μή,
1158 1926 1309 1981 ἔσται
1348 1929 1889 1998 πεπλημμελημένον,

202 2001 327 2060 οἷον
365 2009 425 2060 τὸ
467 2010 824 2078 Καλλιμάχου
866 2008 1022 2080 (192)

428 2090 562 2157 ἱερά,
603 2098 710 2142 νῦν
751 2090 812 2142 δὲ
851 2091 1267 2159 Διοσκουρίδεω
1310 2093 1481 2159 γενεή.

318 2170 431 2241 (16)
458 2170 613 2223 Ἄλλο
648 2170 1030 2240 ἀσυνάρτητον
1070 2171 1315 2241 [ὁμοίως]
1357 2173 1491 2224 κατὰ
1529 2174 1629 2241 τὴν
1668 2174 1891 2242 πρώτην
1926 2180 2021 2238 [98]

139 2275 181 2306 25
209 2253 595 2316 ἀντιπάθειαν,
645 2250 697 2314 ἐξ
741 2254 1052 2320 ίαμβικοῦ
1095 2252 1404 2321 διμέτρου
1444 2253 1888 2322 ἀκαταλήκτου

327 2418 350 2455 5
385 2412 526 2456 schol.
559 2412 608 2455 in
641 2412 774 2455 Dion.
801 2412 961 2456 Thrae.
990 2417 1059 2467 20,
1081 2418 1133 2456 15
1178 2415 1191 2469 Η
1239 2418 1293 2456 23
1328 2413 1383 2457 cf.
1417 2413 1531 2458 Mar.
1559 2414 1678 2457 vict.
1704 2414 1766 2457 VI
1794 2420 1890 2469 112,

208 2477 382 2514 20—34

328 2624 351 2660 2
385 2620 435 2662 τὸ
470 2619 666 2674 ἐλεγεῖον
700 2619 886 2672 Santen,
918 2619 1001 2674 τὴν
1034 2618 1236 2676 ἐλεγείαν
1270 2622 1401 2663 codd.
1435 2624 1448 2676 ΙΙ
1484 2627 1511 2663 4
1545 2619 1794 2676 συνεστήκῃ
1829 2621 1890 2675 H,

211 2678 474 2731 συνεστήκει
518 2679 583 2731 A,
625 2677 894 2732 συνεστήκοι
937 2681 970 2722 Ι
1016 2680 1029 2734 ΙΙ
1084 2684 1109 2722 5
1158 2679 1203 2722 οἳ
1245 2681 1302 2723 Η
1339 2680 1479 2723 schol.
1523 2680 1571 2722 in
1614 2679 1747 2723 Dion.
1784 2679 1890 2723 Thr.

210 2738 272 2791 (A
304 2737 351 2778 in
376 2740 524 2791 ν.1ῖ),
558 2736 602 2779 οἱ
627 2738 744 2792 ΑΙΗ
771 2741 794 2779 6
830 2737 1024 2794 ἐλεγεῖον
1051 2737 1229 2793 smipsi,
1264 2736 1465 2795 ἐλεγείαν
1492 2739 1624 2782 codd.
1651 2740 1664 2794 ΙΙ
1690 2743 1714 2780 8
1745 2740 1891 2794 (exbr.)

211 2795 261 2839 δὲ
301 2795 379 2838 καὶ
412 2797 440 2837 l
492 2798 504 2850 ΙΙ
563 2800 613 2837 12
654 2803 766 2846 παῖς
805 2795 883 2839 ἅτε
914 2796 1087 2839 Pmson
1142 2800 1154 2853 ΙΙ
1212 2802 1263 2840 17
1306 2796 1461 2853 νηίδες
1497 2797 1540 2840 οἱ
1572 2799 1603 2840 Ι
1651 2800 1665 2853 ΙΙ
1723 2802 1775 2840 19
1809 2798 1891 2841 εύα

211 2853 261 2956 g&
287 2856 330 2898 A
355 2856 368 2909 ΙΙ
394 2858 448 2896 20
481 2852 595 2897 καθ’
628 2853 800 2912 ἕτερον]
834 2854 952 2898 κατὰ
983 2855 1208 2910 πρότερον
1234 2856 1460 2899 Hotehkis
1486 2859 1499 2912 ΙΙ
1525 2861 1579 2898 24
1605 2853 1774 2912 ὁμοίως
1802 2857 1889 2900 de]

249 2927 381 2956 aesar
