2090 3158
764 170 909 210 ΠΕΡΙ
941 168 1236 212 ΣΗΜΕΙῼΝ.
1780 168 1849 220 75

267 305 350 374 (6)
391 307 468 374 Τῇ
507 300 609 372 μὲν
641 298 745 356 οὖν
783 303 1044 373 κορωνίδι
1078 303 1216 355 κατὰ
1246 305 1488 372 τρόπους
1519 312 1685 372 τρεῖς·
1724 305 1847 372 ἤτοι

157 387 291 440 ὅταν
327 395 440 439 τῶν
477 385 793 454 ὑποκριτῶν
832 385 1104 437 εἰπόντων
1143 385 1268 437 τινὰ
1298 385 1388 437 καὶ
1421 383 1849 453 ἀπαλλαγέντων

155 469 541 535 καταλείπηται
588 465 620 534 ἡ
668 467 851 535 χορός·
906 465 938 534 ἢ
984 462 1239 534 ἔμπαλιν·
1296 466 1328 535 ἢ
1377 466 1510 519 ὅταν
1555 466 1848 535 μετάβασις

156 547 260 601 ἀπὸ
299 550 472 601 τόπου
511 549 589 610 εἰς
626 549 799 600 τόπον
839 548 1097 615 γίνεσθαι
1138 548 1272 618 δοκῇ
1312 555 1408 616 τῆς
1439 555 1662 616 σκηνῆς.

265 630 352 699 (7)
386 632 461 699 Τῆ
496 625 555 682 δε
579 628 926 699 παραγράφῳ
960 629 1079 696 ἤτοι
1110 629 1246 681 κατὰ
1277 630 1544 698 πρόσωπα
1568 627 1846 697 ἀμοιβαῖα,

156 714 217 764 ἔν
254 731 312 764 τε
350 719 466 774 τοῖς
505 711 779 806 ἰαμβικοῖς
817 709 907 762 καὶ
941 720 1056 772 τοῖς
1094 719 1352 780 χορικοῖς,
1385 709 1491 778 <ῆ>
1521 708 1720 779 μεταξὺ
1752 718 1848 779 τῆς

0 789 128 893 Ε139]
155 812 211 845 τε
252 798 496 862 στροφῆς
532 811 622 844 και
663 799 758 860 τῆς
798 789 1187 859 ἀντιστρόφου.

0 2089 117 2150 ²277

264 874 349 942 (8)
371 872 495 925 Ἐὰν
521 871 709 942 μέντοι
735 871 767 940 ἡ
794 873 1005 946 στροφὴ
1032 870 1086 935 ἐξ
1113 871 1419 941 ἀμοιβαίων
1443 873 1687 943 τυγχάνῃ
1714 887 1846 940 συγ-

151 954 391 1025 κειμένη,
432 954 532 1007 οὐκ
573 952 786 1024 ἐξαρκεῖ
817 954 953 1023 πρὸς
983 954 1044 1006 τὸ
1080 955 1341 1022 δηλῶσαι,
1383 955 1466 1007 ὅτι
1496 956 1845 1023 πεπλήρωται

152 1037 184 1105 ἡ
218 1038 449 1107 στροφή,
488 1035 520 1102 ἡ
558 1036 922 1104 παράγραφος
955 1033 1355 1104 ἐπιφερομένης
1387 1037 1552 1104 ἄλλης
1584 1043 1844 1105 στροφῆς,

154 1119 270 1172 ἐπεὶ
304 1119 394 1171 καὶ
426 1116 525 1187 ἐφ’
557 1115 788 1170 ἑκάστου
819 1117 1002 1169 κώλου
1036 1113 1204 1169 οὐδὲν
1234 1113 1400 1186 ἧττον
1430 1120 1668 1171 τίθεται·
1708 1116 1846 1170 ἀλλὰ

151 1209 325 1254 κεῖται
364 1200 452 1252 καὶ
496 1199 526 1268 ἡ
566 1196 672 1251 ἔσω
707 1208 999 1251 νενευκυῖα
1031 1200 1219 1266 διπλῆ·
1258 1205 1424 1251 τοῦτο
1457 1197 1534 1266 δέ,
1568 1196 1664 1251 ἐὰν
1697 1197 1845 1251 ἀντί-

154 1297 395 1353 στροφος
456 1278 801 1349 ἐπιφέρηται·
865 1279 937 1342 ὡς
992 1279 1088 1332 ἐάν
1142 1299 1203 1348 γε
1257 1281 1529 1349 μεταβολὴ
1583 1281 1758 1348 μόνον
1812 1274 1845 1351 ᾗ

152 1373 431 1434 στροφῶν,
470 1361 503 1430 ἡ
543 1359 645 1425 ἔξω
685 1360 966 1429 βλέπουσα
1004 1364 1234 1413 τίθεται,

265 1445 349 1514 (9)
388 1446 682 1497 Εἰπόντων
720 1439 780 1494 δὲ
820 1442 976 1511 ἡμῶν
1016 1442 1100 1495 ὅτι
1132 1441 1251 1495 ἐστί
1286 1463 1412 1496 τινα
1441 1444 1577 1496 κατὰ
1601 1461 1843 1513 περιορι-

153 1528 327 1595 σμοὺς
347 1525 576 1588 ἀνίσους
601 1523 967 1577 ἀναπαιστικὰ
991 1524 1357 1593 γεγραμμένα,
1379 1523 1412 1577 ἃ
1438 1525 1504 1592 δὴ
1532 1523 1594 1577 ἐν
1618 1526 1842 1597 παρόδῳ

150 1607 179 1660 ὁ
205 1608 367 1677 χορὸς
393 1606 556 1674 λέγει,
582 1604 677 1675 ἐφ’
703 1603 933 1658 ἑκάστου
966 1614 1331 1675 περιορισμοῦ
1359 1608 1574 1659 τίθεται
1606 1607 1638 1674 ἡ
1670 1608 1843 1677 παρά-

225 1710 258 1742 α
308 1709 336 1742 ο
373 1732 382 1740 .

152 1710 221 1759 γρ
261 1709 377 1839 (205)
429 1774 534 1839 Τῆς
566 1766 627 1822 δὲ
658 1769 1019 1838 παραβάσεως
1050 1779 1234 1839 μερῶν
1267 1771 1446 1822 ὄντων
1479 1767 1628 1836 ἑπτά,
1662 1768 1748 1821 ἐπὶ
1782 1769 1843 1821 ἓν

150 1851 380 1905 ἕκαστον
442 1861 553 1904 τῶν
612 1850 1037 1919 ἀπολελυμένων
1091 1860 1261 1921 τριῶν
1314 1854 1528 1904 τίθεται
1585 1851 1616 1919 ἡ
1670 1852 1840 1921 παρά-
1866 1873 1885 1903 2

150 1954 388 2003 γραφος,
436 1941 534 1986 τοῦ
582 1934 887 2002 κομματίου
935 1931 1027 1985 καὶ
1075 1940 1170 2000 τῆς
1219 1933 1576 2003 παραβάσεως
1614 1933 1702 1985 καὶ
1742 1940 1841 1985 τοῦ

150 2023 384 2085 μακροῦ·
441 2015 608 2068 οὐδὲν
654 2010 819 2082 ἧττον
868 2015 928 2068 δὲ
978 2015 1067 2068 καὶ
1108 2015 1196 2068 ἐπὶ
1234 2022 1334 2068 τοῦ
1374 2013 1574 2084 μέλους
1612 2015 1700 2067 καὶ
1740 2021 1840 2066 τοῦ

152 2096 538 2167 ε’πιρρήματος,
594 2095 664 2148 ἂν
717 2092 892 2164 μηδὲν
946 2096 1404 2149 ἀνταποδιδῶται.
1490 2095 1586 2148 ἐὰν
1633 2095 1694 2148 δὲ
1745 2094 1839 2165 ἐνῇ

149 2178 216 2230 τὰ
253 2177 726 2246 ἀνακυκλούμενα,
765 2179 825 2230 τό
864 2197 921 2230 τε
962 2177 1334 2245 ἀντίστροφον
1371 2184 1472 2230 τοῦ
1510 2175 1712 2246 μέλους
1749 2178 1837 2230 καὶ

149 2259 211 2311 τὸ
260 2258 657 2328 ἀντεπίρρημα,
710 2256 796 2310 ἐπὶ
844 2265 943 2310 τοῦ
991 2256 1354 2328 ἐπιρρήματος
1399 2261 1613 2311 τίθεται
1660 2259 1692 2327 ἡ
1731 2256 1838 2311 ἔσω

148 2349 443 2393 νενευκυῖα
476 2341 641 2407 διπλῆ
673 2339 812 2407 ὑπὲρ
845 2347 943 2392 τοῦ
978 2341 1220 2408 δηλῶσαι
1252 2340 1336 2392 ὅτι
1369 2337 1484 2392 ἔστι
1515 2341 1581 2392 τὰ
1606 2339 1838 2393 ἀνταπο-

270 2527 322 2566 19
338 2537 436 2578 sqq.
471 2522 612 2566 schol.
639 2522 878 2578 Aristoph.
903 2522 1027 2567 Nub.
1053 2527 1137 2567 518
1171 2522 1317 2579 (Dem.
1344 2522 1436 2577 Tr.)

269 2690 294 2729 3
334 2683 521 2729 καταλεί
548 2721 555 2728 .
585 2720 594 2728 .
623 2720 631 2728 .
661 2721 669 2728 .
696 2686 764 2738 Α,
807 2681 1115 2742 καταλίπηται
1150 2686 1204 2738 C
1250 2683 1563 2757 καταλείπητα
1596 2687 1651 2739 Ρ,
1695 2702 1838 2730 κατα-

148 2742 352 2788 λείπεται
384 2747 493 2801 ΙΙΙ
474 2763 498 2788 ο
536 2743 629 2799 ἥτοι
666 2719 1027 2815 <πάραγραφῇ>
1061 2744 1217 2801 Bergk
1240 2747 1253 2801 Η
1280 2749 1304 2787 6
1339 2742 1441 2803 <η>
1475 2744 1581 2789 add.
1608 2744 1836 2801 Barhamfl

150 2807 176 2846 8
208 2821 319 2860 τυγ
371 2821 441 2848 .οι
474 2806 518 2849 Α
565 2805 579 2859 ΙΙ
621 2809 674 2847 10
707 2802 1016 2859 παράγραπτο
1050 2806 1081 2847 Ι
1122 2806 1136 2860 Η
1179 2810 1231 2847 14
1265 2804 1498 2862 στροφῶν]
1532 2809 1734 2860 στροφῆς
1766 2806 1798 2847 Ι
1824 2807 1836 2860 Η

152 2867 207 2905 15
241 2862 414 2907 ἔσται]
433 2864 447 2919 ΙΙ
475 2867 527 2906 16
554 2862 610 2918 δὴ
637 2863 716 2906 καὶ
742 2862 872 2918 ἐνΙΙΙ
900 2867 952 2905 17
987 2862 1014 2919 ἡ
1047 2876 1134 2906 om.
1155 2865 1218 2919 ΙΙΙ
1244 2868 1299 2906 23
1326 2863 1404 2921 ἐνῇ
1424 2865 1466 2917 Ι,
1499 2862 1567 2906 ἔνι
1594 2864 1712 2920 GP(
1715 2864 1805 2919 ¹1⁹)
1823 2867 1835 2919 ΙΙ

151 2925 207 2964 24
238 2922 594 2978 ἀνακαλούμενοι
627 2923 659 2964 Ι
682 2926 687 2976 l
715 2919 815 2966 τότε
846 2921 899 2964 τὸ
931 2923 966 2964 Ι

1895 649 1914 682 5

1870 1058 1913 1090 10

1869 1465 1911 1497 15

1865 2281 1906 2313 25
