2060 3168
0 2154 13 2218 ·.'.1·
0 2095 11 2133 D·
0 1727 21 2078 ⁴=¹ffl=fflwmq¹v¹
0 1693 4 1701 ·

54 2261 70 2279 O

287 166 442 208 XIV1.
461 175 480 206 2
513 166 657 206 ΠΕΡΙ
686 165 809 205 ΤΗΣ
840 164 999 206 ΚΑΤΑ
1030 162 1450 206 ΑΝΤῙΠΑΘΕΙΑΝ
1479 162 1714 210 ΜῙΞΕῼΣ
1783 161 1891 215 253

202 301 381 369 μακρὰ
420 297 511 352 καὶ
551 301 798 367 βραχεῖα·
855 297 1167 366 ε”πτάσημον
1206 297 1308 366 γὰρ
1350 297 1438 350 καὶ
1480 295 1750 366 ἑξάσημόν
1789 318 1891 366 φη-

203 396 295 434 σιν
342 374 485 434 εἶναι
531 381 632 448 τὴν
677 381 972 449 τροχαῑκὴν
1019 381 1298 447 συζυγίαν.
1375 379 1437 431 τὸ
1487 378 1620 432 αὐτὸ
1667 379 1758 431 καὶ
1805 378 1888 432 επὶ

203 470 299 530 τῆς
360 459 619 529 δευτέρας
681 459 769 513 καὶ
825 462 1009 530 τρίτης
1065 461 1325 527 συζυγίας
1386 457 1475 511 καὶ
1529 459 1754 512 πάντων
1809 461 1894 512 δεῖ

203 542 669 613 παραλαμβάνειν.
1426 557 1443 566 ·

316 623 426 695 (44,
450 623 509 695 4)
550 624 687 677 ’Έετι
729 627 788 677 δὲ
828 626 912 677 καὶ
944 623 1070 689 παρ’
1103 623 1340 692 Ἀλκαίῳ,
1383 624 1466 675 καὶ
1501 623 1718 686 ἄδηλον,
1759 622 1890 674 ὁπο-
1941 646 1960 678 5

203 709 362 772 τέρου
412 708 548 759 ἐετὶν
605 707 828 771 εὕρημα,
884 708 969 758 καὶ
1025 705 1068 758 εἰ
1125 706 1402 770 Εαπφικὸν
1457 708 1714 757 καλεῖται·
1775 702 1893 756 οἷον

355 791 506 853 χαῖρε
553 788 839 840 Κυλλάνας.

206 871 437 938 ἄδηλον,
493 870 654 937 φησί,
709 869 860 931 τίνος
910 867 1062 921 ἐστὶν
1112 868 1345 937 εὕρημα,
1394 868 1483 920 καὶ
1533 867 1742 935 ἄδηλον
1788 871 1894 918 εἶτε

207 951 503 1018 Σαπςιικὸν
549 955 791 1003 καλεῖται
838 955 945 1002 εἴτε
985 948 1281 1002 Άλκαϊκόν.
1358 948 1524 1001 ταύτὸ
1565 947 1630 1001 δέ
1674 947 1787 1000 ἐστι
1827 954 1898 1019 τῷ

206 1031 608 1103 προειρημένῳ,
665 1030 783 1084 ἀλλ’
827 1029 937 1100 ἔχει
983 1051 1035 1083 τι
1091 1029 1274 1097 ξένον,
1330 1030 1413 1083 ὅτι
1467 1031 1600 1098 μετὰ
1655 1030 1720 1082 τὰ
1772 1030 1897 1098 τρία
1922 1055 1964 1087 10

205 1112 374 1182 μέτρα
415 1111 609 1184 (οἱονεὶ
651 1115 869 1181 στίχους
908 1120 1002 1180 τῆς
1042 1120 1306 1181 στροφῆς·
1357 1112 1561 1180 ταύτην
1600 1112 1704 1179 γὰρ
1744 1115 1897 1163 καλεῖ

207 1197 481 1264 στροφήν,
532 1195 633 1262 τὴν
680 1193 738 1247 ἐκ
785 1203 896 1247 τῶν
941 1194 1209 1247 τοιούτων
1254 1191 1468 1262 μέτρων
1508 1189 1895 1262 συγκειμένην)

206 1273 317 1345 ἔχει
363 1275 623 1345 τέταρτον
669 1274 1069 1345 ἐπιφερόμενον
1114 1275 1567 1341 πεντασύλλαβον
1614 1276 1898 1343 χοριαμβι-

209 1359 309 1410 κὸν
362 1355 789 1426 πενθημιμερές,
849 1357 878 1410 ὃ
934 1355 1044 1426 ἔχει
1098 1358 1402 1425 χορίαμβον
1455 1356 1546 1408 καὶ
1600 1357 1896 1424 συλλαβήν.

207 1435 613 1507 πενθημιμερὲς
653 1437 729 1506 δέ,
770 1438 852 1491 ὅτι
892 1439 994 1491 δύο
1034 1436 1143 1507 ἔχει
1183 1438 1356 1499 πόδας
1395 1436 1604 1499 ἁπλοῦς
1643 1435 1732 1489 καὶ
1765 1440 1896 1489 συλ-
1925 1464 1964 1492 15

214 1522 388 1588 λαβήν
429 1519 591 1591 (λέγω
633 1520 700 1587 δὴ
739 1528 1000 1590 τροχαῖον
1039 1520 1128 1572 καὶ
1170 1517 1392 1589 ἴαμβον)

358 1604 696 1669 παμβασιλῆι

210 1696 299 1728 και

359 1751 556 1803 πότνια
593 1751 794 1818 θυμόν.

323 1830 516 1902 (44,9')
566 1833 1017 1898 συνεμπίπτον
1065 1827 1132 1882 δὲ
1180 1831 1547 1903 δακτυλικῷ
1586 1835 1736 1900 φησί.
1815 1833 1902 1884 δεῖ
1923 1855 1965 1887 20
2038 1821 2041 1824 ”

210 1919 565 1980 προσθεῖναι·
608 1911 841 1984 διμέτρῳ
873 1917 1243 1984 καταληκτικῷ
1272 1915 1347 1975 εἰς
1381 1913 1732 1980 δισύλλαβον.
1786 1911 1896 1982 ἔχει

212 1996 315 2064 γὰρ
357 1995 631 2046 δάκτυλον
671 1994 759 2046 καὶ
796 1995 896 2047 δύο
930 1995 1207 2061 συλλαβὰς
1238 1995 1530 2061 δακτύλου,
1563 1995 1635 2057 ὡς
1667 2001 1900 2063 εἴρηται·

362 2078 719 2144 παμβασιλῆι,

361 2161 558 2211 πότνια
596 2158 796 2224 θυμόν.

326 2237 556 2311 <44,13)
598 2239 729 2291 Ἀπὸ
770 2242 829 2291 δὲ
870 2238 1266 2303 ἀντιεπαετικῆε
1298 2240 1360 2291 τὸ
1402 2241 1737 2304 καλούμενον
1769 2241 1899 2292 Πιν-
1927 2260 1968 2292 25

215 2323 433 2387 δαρικὸν
483 2321 962 2385 ἑνδεκαεύλλαβον,
1018 2320 1048 2372 ὅ
1103 2339 1150 2372 τι
1201 2323 1299 2385 τὴν
1348 2323 1442 2386 μὲν
1490 2323 1709 2386 πρώτην
1758 2321 1900 2374 ἀντι-

336 2457 389 2494 17
422 2451 545 2494 hunc
577 2452 833 2494 extremum
865 2464 1047 2494 versum
1088 2465 1186 2495 esse
1224 2451 1413 2495 carmin.
1439 2451 1539 2495 Alc.
1565 2455 1590 2494 5
1622 2453 1746 2496 recte
1780 2465 1900 2495 cens.

215 2511 434 2554 Hoersch.
462 2510 605 2552 WIRh.
633 2514 703 2562 36
722 2514 807 2553 464

337 2626 362 2664 3
395 2621 609 2670 πάντωςὶ)
642 2621 860 2664 Hoersch.
887 2623 901 2676 ΙΙ
926 2625 1039 2663 5-6
1074 2620 1318 2679 ὁποτέρου]
1342 2618 1468 2671 τίνος
1494 2623 1578 2677 KH
1604 2627 1628 2664 6
1662 2621 1703 2665 εἰ
1735 2635 1822 2664 om
1852 2623 1901 2675 U,

219 2680 275 2723 cf.
311 2680 458 2736 Heph
507 2683 520 2736 ΙΙ
568 2685 592 2722 (3
627 2678 844 2723 οἶον-7
880 2679 1110 2730 κυλλανας
1141 2694 1229 2723 om.
1260 2682 1304 2725 U
1342 2683 1355 2737 ΙΙ
1403 2685 1427 2722 9
1460 2678 1632 2724 τάντόν
1665 2681 1708 2724 U
1753 2683 1758 2735 Ι
1810 2679 1901 2724 ἐστι

218 2753 307 2782 om.
322 2741 376 2783 K
394 2742 407 2795 11
435 2745 488 2782 10
519 2738 577 2782 τὰ
602 2754 690 2782 om.
708 2741 760 2782 K
778 2741 792 2794 ΙΙ
819 2744 869 2781 11
896 2739 1070 2795 ταύτην
1095 2739 1201 2797 γὰρ]
1234 2740 1400 2783 τουτὸν
1429 2741 1501 2796 UH
1528 2745 1581 2782 12
1609 2737 1812 2795 στρόφον
1841 2741 1899 2787 Ui

217 2798 300 2854 τὴν
326 2812 412 2841 om.
441 2799 510 2854 U}
540 2812 613 2854 συ)
615 2796 837 2853 κείμενον
866 2799 938 2853 ΠΗ
967 2803 1019 2842 13
1053 2799 1145 2856 ἔχει
1178 2798 1228 2843 δὲ
1264 2800 1336 2855 Ul!
1363 2797 1462 2841 14⁰
1444 2816 1542 2842 0——
1563 2804 1614 2842 15
1649 2799 1699 2842 δὲ
1724 2813 1811 2842 om.
1836 2799 1902 2853 UH

222 2862 275 2899 15
324 2858 408 2902 δύο
457 2871 543 2900 om
581 2833 624 2901 U
661 2859 675 2912 ΙΙ
718 2862 769 2900 16
804 2857 1020 2932 ἰαμβικὸν
1054 2859 1096 2901 U
1138 2860 1151 2914 ΙΙ
1199 2862 1254 2900 20
1287 2858 1495 2901 δακτύλω
1532 2859 1583 2901 K
1623 2860 1637 2913 Η
1686 2862 1740 2900 23
1773 2874 1903 2912 παρα

221 2917 400 2973 βασιλῆι
433 2924 451 2957 ἰ’
479 2918 521 2961 U
538 2919 551 2971 ,Ι
578 2921 630 2958 26
668 2914 689 2959 ὅ
722 2933 763 2959 τι
799 2917 851 2969 U
884 2934 906 2960 ο
939 2917 1019 2959 καὶ
1050 2916 1134 2972 τὴν
1167 2919 1230 2971 K,
1264 2915 1286 2960 ὃ
1319 2917 1402 2972 τὴν
1435 2917 1583 2972 Heph.
