2060 3168
0 1267 17 1471 ψν“ἰ·’

12 2067 20 2090 :-
7 1943 26 2046 -aeqzss
9 1903 18 1929 θ-
13 1883 21 1890 v
8 1838 19 1862 ’κ

19 2933 46 3168 wrm<
11 2259 38 2910 s·t-o·wnmtmm
15 2204 33 2237 Γ
12 2175 14 2181 “

677 198 754 239 v1
787 197 931 237 ΠΕΡΙ
957 196 1260 237 IAMBIKOT
1707 195 1815 247 227

868 375 992 444 Cap.
1018 374 1083 427 V.

715 491 877 562 Περὶ
921 494 1244 562 ἰαμβικοῦ.

239 612 314 664 Τὸ
356 612 598 676 ἰαμβικὸν
639 613 850 677 δέχεται
890 613 1025 664 κατὰ
1065 614 1159 676 μὲν
1198 613 1294 664 τὰ(
1334 596 1584 677 πεζῖιττὰ(
1624 613 1819 677 χώρας,

125 695 362 746 τουτέετι
402 693 636 757 πρώτην,
668 694 849 758 τρίτην
882 696 967 746 καὶ
999 695 1258 758 πέμπτην,
1290 694 1498 759 ἴαμβον,
1530 695 1819 759 τρίβραχυν

126 777 211 828 καὶ
252 779 559 837 (πονδεῑον,
601 776 888 838 δάκτυλον,
930 775 1280 837 ἀνάπαιετον,
1321 777 1456 827 κατὰ
1495 777 1555 828 δὲ
1589 776 1684 827 τὰ(
1725 775 1817 839 ἀρ-

125 858 271 909 τίου(
310 858 547 908 τουτέετι
588 858 845 921 δευτέραν
870 899 880 908 .
908 899 917 908 .
945 899 954 909 .
982 899 992 909 .
1034 888 1103 893 -
1155 857 1208 910 U

238 937 312 989 Τὸ
355 938 594 1002 ἰαμβικὸν
644 939 855 1003 δέχεται
901 939 1036 990 κατὰ
1083 940 1178 1003 μὲν
1217 939 1311 990 τὰ(
1351 939 1600 1003 περιττὰ(
1638 939 1819 1003 χώρας

124 1019 333 1083 ἴαμβον,
374 1019 661 1083 τρίβραχυν
695 1021 779 1070 καὶ
812 1019 1155 1081 ἀνάπαιετον,
1197 1020 1476 1082 δάκτυλον,
1517 1023 1817 1081 (πονδεῑον,

125 1102 260 1152 κατὰ
315 1103 375 1152 δὲ
427 1102 523 1152 τὰ(
579 1100 793 1164 ἀρτίου(
837 1101 1052 1165 ἴαμβον,
1108 1102 1417 1166 τρίβραχυν,
1466 1102 1816 1154 ἀνάπαιετον·

125 1186 287 1234 τοῦτο
336 1184 396 1234 δὲ
442 1183 589 1246 παρὰ
645 1184 739 1246 μὲν
786 1186 899 1234 τοῖς
953 1186 1201 1246 κωμικοῖς
1253 1187 1508 1248 ευνεχῶε,
1563 1185 1710 1248 παρὰ
1757 1185 1817 1235 δὲ

123 1267 236 1316 τοῖς
276 1264 534 1328 ἰαμβικοῑε
574 1265 658 1315 καὶ
697 1267 965 1328 τραγικοῖς
1005 1265 1385 1330 (πανιώτερον.
1425 1295 1498 1301 —
1536 1264 1602 1315 K

249 1343 541 1396 Ἐντεῦθεν
603 1345 822 1413 ἄρχεται
884 1347 1088 1410 κυρίως
1148 1347 1457 1410 κανονίζειν
1521 1346 1587 1398 τὰ
1647 1344 1817 1412 μέτρα

124 1426 272 1478 πάνυ
322 1425 635 1495 σαφέστατα
681 1425 1057 1493 ἀπαγγέλλων,
1107 1426 1210 1496 ιὅτι
1256 1427 1393 1479 κατὰ
1430 1427 1527 1489 τὰς
1564 1427 1817 1494 περιττὰς

125 1509 320 1576 χώρας,
355 1506 525 1560 οἱονεὶ
557 1508 692 1559 κατὰ
724 1508 822 1559 τὸν
852 1517 1074 1573 πρῶτον
1105 1506 1195 1560 καὶ
1227 1510 1415 1577 τρίτον
1447 1506 1536 1560 καὶ
1569 1508 1816 1574 πέμπτον

123 1589 291 1656 πόδα,
342 1588 553 1657 δέχεται
593 1588 690 1641 ἕνα
728 1598 839 1640 τῶν
877 1588 1038 1641 πέντε
1077 1590 1288 1642 τούτων
1326 1590 1540 1657 ποδῶν,
1579 1590 1715 1642 κατὰ
1755 1589 1816 1642 δὲ

125 1671 219 1732 τὰς
259 1669 499 1738 ἀρτίους,
539 1669 790 1722 τουτέστι
822 1671 957 1722 κατὰ
991 1671 1254 1739 δεύτερον
1285 1669 1375 1722 καὶ
1407 1669 1686 1739 τέταρτον,
1717 1669 1815 1722 ἕνα

123 1761 234 1803 τῶν
280 1761 469 1820 τριῶν·
522 1752 739 1814 πάντως
785 1752 889 1819 γὰρ
938 1752 970 1820 ἡ
1012 1751 1170 1820 ἀρτία
1217 1751 1323 1804 ἀπὸ
1364 1754 1620 1821 βραχείας
1658 1750 1814 1804 θέλει

125 1833 394 1902 ἄρχεσθαι
441 1834 531 1885 καὶ
580 1832 790 1901 δέχεται
841 1835 1041 1901 ἴαμβον
1088 1832 1120 1901 ἢ
1168 1835 1473 1902 τρίβραχυν
1517 1834 1615 1886 τὸν
1661 1835 1813 1900 λεγό-

122 1933 293 1981 μενον
340 1923 560 1983 χορεῖον
606 1913 638 1982 ἢ
679 1914 1032 1967 ἀνάπαιστον.
1109 1922 1311 1966 τοῦτον
1351 1911 1411 1966 δὲ
1448 1915 1546 1966 τὸν
1586 1913 1815 1966 ἀνάπαι-

126 2010 260 2047 στον
321 2005 564 2064 συνεχῶς
626 1997 773 2063 παρὰ
837 2004 1095 2061 κωμικοῖς
1157 1995 1392 2064 δέχεται,
1457 1999 1700 2057 σπανίως
1754 1993 1858 2049 δὲε

124 2078 271 2144 παρὰ
311 2087 426 2139 τοῖς
467 2078 815 2145 ἰαμβοποιοῖς
853 2077 943 2129 καὶ
975 2085 1269 2144 τραγικοῖς.
1272 2117 1290 2147 J
1353 2078 1713 2143 ιάμβοποιοὺς
1753 2074 1814 2129 δὲ

124 2162 276 2210 καλεῖ
322 2159 420 2210 τὸν
468 2159 793 2226 Σιμωνίδην
839 2158 926 2210 καὶ
970 2156 1282 2227 Ἀρχίλοχον
1328 2157 1418 2210 καὶ
1459 2157 1813 2211 Ἱππώνακτα.

246 2237 445 2292 Ἰστέον
484 2236 544 2291 δὲ
586 2239 667 2291 ὅτι
701 2240 807 2291 εἰσὶ
839 2247 937 2292 τοῦ
972 2240 1174 2306 ἰάμβου
1205 2241 1529 2309 μονόμετρα,
1570 2240 1813 2307 δίμετρα,

123 2319 225 2384 ἕως
263 2332 375 2374 τῶν
414 2319 468 2384 ἒξ
508 2322 714 2389 ποδῶν,
761 2322 897 2372 κατὰ
936 2322 1078 2373 πόδα
1118 2322 1208 2373 καὶ
1246 2322 1382 2373 κατὰ
1422 2322 1704 2373 διποδίαν·
1745 2321 1812 2372 οὐ

242 2472 297 2511 22
330 2468 550 2523 corrupta
581 2466 629 2509 in
662 2465 836 2509 schol}
862 2470 961 2519 116,
980 2470 1034 2509 18
1065 2468 1079 2522 ΙΙ
1111 2470 1330 2519 23-228,
1351 2471 1375 2509 3
1410 2466 1579 2510 schol.¹³
1609 2465 1705 2521 (lib.
1732 2465 1812 2516 ΠΙ)

124 2531 165 2581 9,
191 2530 329 2583 3sqq.
386 2526 488 2570 Hel.
516 2525 637 2569 Mon.
666 2525 757 2567 AV
785 2530 868 2567 170
901 2529 926 2578 ξ
950 2530 989 2568 4.
1043 2525 1136 2569 Ioa.
1165 2525 1253 2568 Sic.
1279 2525 1402 2569 RhG
1425 2526 1488 2568 VI
1517 2530 1614 2578 167,
1641 2530 1696 2567 20
1711 2539 1809 2580 sqq.

123 2585 375 2642 (Heliodor.
401 2585 488 2628 BA
512 2585 553 2627 V
578 2589 626 2638 3,
647 2587 732 2639 71).
803 2586 889 2627 An.
923 2584 970 2627 in
1013 2585 1111 2627 eod.
1137 2584 1242 2629 Vat.
1279 2590 1362 2628 915
1404 2584 1481 2628 fol.
1513 2590 1592 2627 25v
1623 2585 1670 2639 (i.
1703 2584 1811 2628 lect.

122 2644 311 2688 vratisl.
341 2645 528 2702 1889s90
561 2660 605 2700 p.
634 2647 706 2700 30)

243 2774 267 2812 6
309 2770 352 2814 U
379 2770 484 2812 add.
518 2769 566 2812 in
598 2784 690 2827 mg.
724 2768 844 2823 ζήτει
875 2771 889 2825 ΙΙ
923 2774 976 2812 10
1007 2776 1174 2813 τοῦτον
1205 2769 1355 2825 Heph.
1382 2771 1395 2824 Η
1423 2774 1471 2811 11
1511 2769 1564 2811 K
1589 2768 1666 2810 hic
1697 2782 1810 2811 non-

122 2828 253 2872 nulla-
277 2829 423 2882 addit,
449 2842 568 2884 quae
593 2831 718 2872 recte
743 2828 900 2884 posuit
924 2829 968 2871 U
986 2843 1030 2884 p.
1050 2833 1150 2883 228,
1170 2833 1237 2872 16.
1272 2834 1372 2879 229,
1395 2832 1447 2871 10
1472 2831 1485 2883 Η
1513 2832 1564 2869 13
1592 2826 1809 2884 ἐπαγγέλ-

122 2889 213 2931 λων
238 2888 314 2944 Ul!
339 2892 394 2930 22
426 2891 632 2931 καλεῖται
665 2888 708 2931 U
761 2888 766 2945 Ι
818 2886 1091 2931 ἱππώνακτα
1124 2888 1202 2931 καὶ
1236 2886 1482 2945 ἀρχίλοχον
1516 2887 1568 2929 K
1608 2888 1622 2942 ΙΙ
1670 2891 1724 2929 23
1758 2886 1810 2930 δὲ

124 2960 211 2990 om.
239 2947 292 2990 K
311 2949 325 3003 ΙῙ
350 2951 405 2989 24
436 2954 529 2990 τῶν
561 2949 608 2990 et
639 2946 758 2989 κατὰ
791 2949 895 3002 (sec.
921 2946 970 3002 l.)
1003 2961 1090 2989 om.
1111 2947 1192 3001 K!
1221 2945 1465 3003 διποδίαν]
1492 2942 1747 2989 σπονδείαν
1772 2946 1816 2989 U

1455 3020 1543 3062 15*

1842 1203 1885 1235 10

1841 1609 1883 1642 15
