2090 3158
168 1032 209 1064 10

168 1439 209 1472 15

170 1847 211 1877 20

238 144 306 196 88
880 146 1203 187 ΛοΓΓῙΝοΤ
1235 147 1280 186 11

235 277 472 350 ἔχουσα
512 281 718 349 βραχὺ
758 287 1017 348 φωνῆεν
1057 280 1087 348 ἢ
1127 281 1650 349 βραχυνόμενον,
1701 281 1779 349 μὴ
1821 280 1922 334 ἐπὶ

236 361 464 424 τέλους
504 359 758 429 λέξεως,
799 361 1003 423 οὕτως
1042 361 1122 423 ὡς
1159 360 1396 430 μεταξὺ
1437 361 1638 414 αὐτοῦ
1671 359 1777 414 καὶ
1809 371 1922 415 τοῦ

235 442 305 496 ἐν
366 451 437 513 τῇ
496 440 635 511 ἑξῆς
691 445 982 511 συλλαβῇ
1038 444 1415 511 φωνήεντος
1469 443 1548 511 μὴ
1602 442 1924 513 ὑπάρχειν

237 526 552 593 σύμφωνα
605 527 879 576 πλείονα
928 522 1070 586 ἑνὸς
1118 523 1351 592 ἁπλοῦ,
1407 523 1537 577 ἀλλ’
1583 526 1728 593 ἤτοι
1775 525 1842 578 ἓν
1889 525 1921 593 ἢ

234 606 394 675 μηδὲ
433 605 514 658 ἕν.
541 637 608 642 —
636 606 799 659 Πάνυ
841 601 945 658 οὗν
978 604 1206 658 ἐπαίνου
1241 603 1390 669 ἄξιος
1422 605 1450 658 ὁ
1484 606 1612 674 ὄρος
1643 607 1716 669 ὡς
1746 607 1924 660 πάντα

234 685 375 756 ἔχων
423 687 523 740 ὅσα
572 689 656 740 δεῖ
702 688 830 756 ὑγιῆ
880 687 1014 757 ὅρον
1059 684 1218 755 ἔχειν.
1296 686 1455 755 ὑγιὴς
1507 688 1609 755 γὰρ
1659 689 1788 755 ὅρος
1833 687 1923 742 καὶ

235 778 347 831 τοῖς
388 770 718 837 φιλοσόφοις
758 761 898 820 εἶναι
940 769 1092 830 δοκεῖ
1132 767 1159 820 ὁ
1200 765 1372 837 μηδὲν
1411 765 1622 831 ἔξωθεν
1662 778 1772 822 τῶν
1811 769 1923 837 ὁρι-

235 849 475 916 ζομένων
516 850 1052 918 συμπεριλαμβάνων
1090 847 1182 901 καὶ
1216 848 1292 918 [ὁ]
1329 846 1502 918 μηδὲν
1541 860 1650 902 τῶν
1684 850 1924 919 ὁριζομέ-

236 952 347 983 νων
385 932 722 997 καταλιπών,
773 931 832 993 ὃς
871 930 1222 999 ἀντιστρέφει
1261 931 1396 1000 πρὸς
1434 931 1495 983 τὸ
1537 935 1922 1001 κεφαλαιῶόες.

235 1013 262 1065 ὁ
311 1009 412 1080 μὲν
459 1008 561 1065 οὖν
608 1013 680 1080 μὴ
727 1012 764 1080 †
811 1013 1346 1080 συμπεριλαμβάνων
1393 1014 1768 1081 παραγγελίαν
1814 1033 1924 1066 τοιο

236 1095 406 1162 αύτην
446 1094 511 1146 οὐ
559 1098 737 1155 καλῶς
783 1090 918 1162 ἔχει,
967 1085 1087 1146 οἷον
1127 1098 1183 1146 εἴ
1213 1113 1295 1156 τις
1333 1095 1430 1146 τὸν
1469 1094 1771 1161 ἄνθρωπον
1811 1093 1923 1164 ὁρί-

238 1179 379 1240 ζοιτο
420 1174 662 1243 ῒμηκέτι
688 1175 896 1227 ...τὸν
935 1176 1073 1228 θεὸν
1112 1181 1185 1247 τῷ
1224 1175 1333 1247 ὅρῳ
1374 1175 1922 1246 συμπεριλαμβάνων.

237 1256 492 1325 ἑκάτερον
556 1253 616 1308 δὲ
674 1256 927 1326 ὑπάρξει,
991 1255 1088 1308 ἐὰν
1143 1256 1476 1326 ἀντιστρέφῃ
1531 1258 1668 1325 πρὸς
1722 1258 1782 1310 τὸ
1838 1278 1923 1310 κε-

235 1338 570 1406 φαλαιῶδες,
623 1336 907 1391 τουτέστιν
961 1336 1058 1390 ἐὰν
1113 1337 1365 1407 ἀλλήλων
1425 1338 1748 1407 ὑπάρχωσιν
1802 1339 1923 1407 ὅροι

235 1420 396 1481 αὐτός
435 1439 492 1472 τε
533 1418 560 1472 ὁ
602 1419 729 1488 ὅρος
767 1418 856 1472 καὶ
897 1420 957 1472 τὸ
1000 1419 1334 1489 ὁριζόμενον,
1375 1420 1549 1483 οὕτως
1588 1421 1660 1482 ὡς
1691 1419 1780 1473 ἐπὶ
1811 1441 1923 1473 τοι-

235 1501 366 1553 οῦὸε
397 1501 854 1569 παραδείγματος·
890 1502 1187 1570 ἄνθρωπός
1220 1500 1334 1554 ἐστι
1368 1505 1502 1574 ζῷον
1528 1503 1754 1569 λογικὸν
1785 1507 1923 1570 θνη-

234 1583 331 1646 τὸν
372 1590 475 1634 νοῦ
516 1581 606 1634 καὶ
647 1580 942 1651 ἐπιστήμης
983 1583 1247 1635 δεκτικόν.
1312 1582 1363 1635 εἴ
1399 1603 1451 1635 τι
1491 1579 1595 1635 οὖν
1634 1581 1749 1636 ἐστὶ
1790 1586 1923 1655 ζῷον

234 1664 460 1730 λογικὸν
513 1663 727 1731 θνητὸν
780 1671 882 1716 νοῦ
938 1664 1028 1716 καὶ
1083 1662 1376 1733 ἐπιστήμης
1431 1666 1705 1731 δεκτικόν,
1760 1667 1922 1718 τοῦτό

236 1743 386 1796 ἐστιν
434 1746 730 1812 ἄνθρωπος
776 1746 1006 1807 πάντως.
1083 1745 1171 1797 καὶ
1213 1741 1283 1798 αὖ
1330 1747 1519 1798 πάλιν·
1575 1748 1734 1814 φωνή
1773 1745 1923 1799 ἐστιν

237 1824 338 1893 ἀὴρ
389 1825 777 1894 πεπληγμένος.
857 1832 994 1879 εἴτι
1043 1822 1147 1879 οὖν
1194 1825 1344 1880 ἐστὶν
1385 1827 1486 1896 ἀὴρ
1527 1828 1922 1896 πεπληγμένος,

235 1914 397 1958 τοῦτο
446 1908 604 1975 φωνὴ
651 1908 889 1970 πάντως·
937 1908 1111 1970 οὕτως
1159 1905 1261 1961 οὖν
1307 1909 1397 1961 καὶ
1438 1907 1526 1962 ἐπὶ
1565 1917 1664 1960 τοῦ
1705 1926 1920 1977 προκει-

235 1986 404 2056 μένου
446 1988 579 2056 ὅρου
621 1989 825 2055 ἰ’δωμεν
871 1989 930 2041 τὸ
973 1988 1362 2058 άντιστρέφον·
1414 1990 1464 2042 εἴ
1499 2010 1551 2042 τι
1591 1988 1704 2042 ἐστὶ
1743 1993 1920 2060 βραχὺ

237 2076 475 2136 φωνῆεν,
515 2070 586 2137 μὴ
628 2068 713 2122 ἐπὶ
752 2069 942 2133 τέλους
983 2070 1172 2134 λέξεως
1211 2073 1480 2140 κείμενον,
1524 2070 1758 2139 μετα<ξὺ
1800 2070 1921 2124 ἑαυ-

358 2233 379 2271 7
407 2228 462 2271 cf.
491 2242 526 2272 e.
554 2244 596 2286 g.
626 2229 766 2273 schol.
792 2231 840 2272 in
866 2231 999 2274 Dion.
1027 2231 1132 2274 Thr.
1156 2236 1252 2286 107,
1273 2235 1503 2285 30—108‚
1520 2237 1585 2275 11.
1615 2236 1779 2285 156‚18
1792 2246 1888 2287 sqq.
1909 2234 1922 2288 ΙΙ

240 2292 292 2330 13
327 2288 479 2345 φωνὴ]
515 2288 656 2331 schol.
682 2289 731 2331 in
756 2289 889 2332 Dion.
917 2289 1022 2334 Thr.
1044 2294 1142 2343 181,
1161 2296 1295 2347 4sqq.
1338 2291 1477 2335 Prisc.
1506 2290 1588 2334 GL
1613 2291 1654 2333 II
1679 2296 1718 2345 5,
1736 2296 1772 2334 1.
1808 2291 1919 2334 Mar.

239 2346 356 2389 vict.
377 2346 439 2390 VI
464 2352 504 2402 4,
525 2352 591 2391 14.
648 2348 723 2392 Ar.
752 2347 906 2400 Quint.
933 2355 972 2402 4,
993 2354 1049 2392 24
1083 2350 1214 2394 alias.

357 2485 380 2521 2
409 2480 551 2523 αὑτοῦ
578 2481 757 2536 scripsi,
791 2482 933 2538 αὐτῆς
958 2483 1087 2526 codd.
1115 2485 1129 2539 ΙΙ
1155 2487 1179 2526 6
1205 2483 1336 2541 ὑγιὴς
1360 2483 1446 2539 γὰρ
1476 2485 1529 2537 C3
1561 2483 1610 2526 in
1634 2485 1679 2527 A
1703 2484 1788 2527 lac.
1805 2489 1919 2527 4-5

237 2538 447 2592 litterar„
483 2553 571 2582 om.
598 2542 643 2583 P
663 2542 676 2596 Η
703 2545 725 2583 7
761 2536 882 2584 εἶναι
915 2544 1045 2586 δοκεῖ
1070 2543 1247 2598 scripsi,
1283 2544 1415 2586 δοκεῖ
1436 2539 1559 2586 εἶναι
1585 2544 1633 2597 G,
1665 2545 1795 2586 δοκεῖ
1817 2557 1921 2586 cum

240 2599 390 2653 spatio
423 2602 537 2642 4-5
570 2598 659 2642 litt.
695 2600 739 2643 A
763 2602 776 2655 ΙΙ
802 2604 827 2643 8
861 2601 941 2643 καὶ
971 2600 1207 2655 Hoersch.,
1241 2600 1267 2657 ἢ
1302 2602 1433 2645 codd.
1463 2601 1469 2660 Ι
1499 2601 1522 2645 ὁ
1555 2602 1643 2645 del.
1670 2601 1923 2660 Hoersch.}!

241 2661 294 2699 10
336 2657 800 2716 συμπεριλαμβάνων]
840 2658 945 2703 fort.
988 2660 1231 2715 φυλάττων
1283 2663 1297 2717 ΙΙ
1351 2666 1403 2704 12
1447 2660 1533 2705 lac.
1567 2660 1662 2704 ind.
1687 2661 1875 2703 Wilam.
1912 2662 1918 2718 1

237 2715 318 2758 τὸν
358 2716 494 2774 θεὸν]
535 2717 585 2760 τὸ
617 2717 796 2774 θνητὸν
829 2717 1046 2763 Hoersch.
1095 2722 1109 2776 ll
1158 2725 1210 2763 13
1246 2719 1482 2777 ἑκάτερον]
1517 2718 1763 2776 ὁλόκληρος
1793 2719 1921 2764 Men-

240 2774 471 2827 delssohn,
497 2776 628 2832 ὑγιὴς
652 2775 758 2831 ὅρος
781 2776 999 2821 Hoersch.
1023 2780 1026 2833 Ι
1049 2777 1342 2834 ἀντιστρέφει
1369 2780 1504 2835 01115
1527 2779 1587 2830 ὡς
1611 2793 1697 2823 om.
1717 2780 1753 2823 C
1772 2780 1786 2834 ΙΙ
1814 2783 1864 2822 17
1882 2778 1929 2823 εἴ

239 2851 280 2876 τι
299 2859 352 2865 --
375 2838 427 2877 18
461 2833 671 2878 δεκτικόν
704 2835 775 2878 bis
810 2836 984 2893 scripta
1015 2838 1063 2880 in
1091 2838 1128 2881 G
1147 2840 1161 2894 ΙΙ
1187 2842 1240 2880 22
1267 2837 1438 2894 ἴδωμεν
1462 2837 1696 2892 Hoersch.‚
1728 2837 1921 2893 εἴδωμεν

241 2893 371 2935 codd.
399 2895 412 2948 Η
438 2898 491 2935 23
525 2894 693 2949 μεταξὺ
727 2890 894 2938 ἑαυτοῦ
927 2896 1007 2939 καὶ
1039 2897 1215 2951 Boivin,
1251 2896 1363 2953 μετὰ
1396 2897 1527 2940 codd.

1954 2083 2008 2121 96
