2060 3168
221 147 331 199 294
813 150 1048 191 ΣΧΟΛΙΑ
1077 151 1113 191 Β
1148 149 1324 208 (111).ῑῆ

334 283 380 336 7.
433 284 792 336 Πολιτικὸν
832 283 897 336 δέ
933 282 1046 336 ἐστι
1093 284 1154 336 τὸ
1195 285 1329 337 ἄνευ
1368 287 1588 350 πάθους
1625 287 1658 356 ἢ
1698 292 1905 357 τρόπου

218 364 603 433 πεποιημένον,
644 357 766 417 οἶον
805 362 881 436 (A
907 362 1037 436 680)

366 446 566 508 ἵππους
604 465 661 498 τε
701 444 908 509 ξανθὰς
949 443 1143 498 ἑκατὸν
1180 445 1271 499 καὶ
1309 451 1667 517 πεντήκοντα·

218 527 350 596 ὅπερ
391 527 594 579 ταύτόν
633 524 747 579 ἐστι
786 532 862 598 τῷ
902 529 1187 596 λογοειδεῖ.

172 726 191 758 5
1001 703 1117 757 XX.

845 818 1008 889 Περὶ
1047 824 1279 876 ποδῶν.
1934 837 2058 894 (126)

329 942 376 993 1.
418 942 572 1003 Πούς
606 939 720 993 ἐστι
751 949 932 993 ποιῶν
961 941 1051 993 καὶ
1090 951 1280 995 ποσῶν
1313 947 1605 1013 συλλαβῶν
1638 947 1904 1010 σύνθεσις

214 1025 292 1085 εἰς
332 1023 595 1090 εὐπρεπὲς
643 1029 839 1091 σχῆμα·
888 1031 1064 1074 ποιῶν
1109 1022 1234 1092 μέν,
1287 1024 1368 1076 ὅτι
1409 1026 1494 1077 δεῖ
1531 1027 1625 1088 τὰς
1664 1023 1765 1095 μὲν
1804 1048 1904 1096 μα-

212 1105 344 1173 κρὰς
392 1098 533 1156 εἶναι
579 1104 675 1165 τὰς
721 1099 782 1154 δὲ
829 1105 1107 1172 βραχείας·
1161 1114 1350 1157 ποσῶν
1397 1105 1483 1174 δέ,
1532 1107 1615 1159 ὅτι
1668 1109 1752 1160 δεῖ
1798 1109 1901 1162 δύο

146 1206 187 1237 10
212 1182 354 1238 εἶναι
394 1184 426 1253 ἢ
459 1188 704 1247 πλειόυς·
746 1186 822 1246 εἰς
855 1183 1119 1253 εὐπρεπὲς
1152 1185 1214 1237 δὲ
1247 1194 1439 1255 σχῆμα,
1473 1187 1545 1250 ὡς
1576 1188 1710 1242 ὅταν
1741 1194 1902 1242 εἴπω-

210 1286 312 1334 μεν
350 1268 445 1329 τὰς
478 1267 753 1334 συλλαβὰς
785 1265 818 1333 ἢ
850 1263 979 1318 καθ’
1012 1265 1206 1328 ἑαυτὰς
1239 1269 1608 1321 συντίθεσθαι
1642 1269 1901 1338 ἀλλήλαις

211 1350 243 1417 ἢ
290 1357 384 1417 τῆς
437 1356 646 1418 μακρᾶς
699 1347 970 1415 λυομένης
1015 1347 1092 1408 εἰς
1147 1348 1249 1400 δύο
1296 1350 1569 1418 βραχείας.
1645 1348 1791 1413 τινὲς
1839 1350 1900 1405 δὲ

210 1431 384 1493 οὕτως
424 1431 720 1500 ὡρίσαντο·
774 1429 915 1490 πούς
954 1427 1069 1480 ἐστι
1109 1428 1364 1492 σύνταξις
1403 1433 1696 1499 συλλαβῶν
1735 1433 1901 1502 ἄρσιν
1931 1443 2053 1500 (127)

208 1510 299 1564 καὶ
338 1511 503 1564 θέσιν
540 1510 883 1610 περιέχουσα.
947 1510 1004 1561 οἰ
1032 1509 1093 1562 δὲ
1125 1509 1318 1572 οὕτως·
1357 1513 1496 1573 πούς
1527 1510 1642 1564 ἐστι
1673 1515 1897 1583 μετρικὴ

142 1612 183 1644 15
211 1595 503 1661 συλλαβῶν
552 1591 733 1687 σχέσις
776 1591 882 1643 ἀπὸ
932 1591 1034 1643 δύο
1081 1590 1181 1653 ε’ως
1228 1594 1509 1660 τεσσαρων
1555 1593 1586 1662 ἢ
1635 1593 1707 1663 ε’ξ,
1755 1593 1817 1647 ἐν
1861 1597 1896 1665 ᾑ

207 1677 543 1743 γνωρίζομεν
582 1675 643 1725 τὸ
683 1680 783 1725 τοῦ
822 1671 1025 1741 μέτρου
1066 1666 1209 1735 εἶδός
1247 1692 1304 1725 τε
1343 1674 1432 1726 καὶ
1471 1673 1721 1742 μέγεθος.

318 1756 366 1808 2.
416 1753 546 1822 ’Υλη
603 1752 663 1807 δε
716 1755 908 1807 ποδῶν
962 1752 1232 1822 συλλαβαὶ
1283 1752 1345 1806 ἐν
1396 1758 1658 1824 ποσότητί
1702 1776 1759 1809 τε
1806 1758 1895 1810 καὶ

206 1839 454 1906 ποιότητι
498 1837 780 1904 εὐπρεπῶς
819 1836 1161 1903 κινούμεναι·
1210 1836 1265 1887 αἱ
1313 1837 1416 1905 γὰρ
1459 1837 1561 1890 δύο
1610 1841 1894 1907 συλλαβαί,

205 1919 432 1988 βραχεῖά
477 1938 533 1970 τε
579 1918 668 1970 καὶ
715 1917 917 1986 μακρά,
969 1915 1229 1984 ἀλλήλαις
1280 1921 1719 1987 συμπλεκόμεναι
1764 1922 1894 1983 τοὺς

139 2018 181 2049 20
207 1999 469 2070 τέσσαρας
510 1999 954 2065 δισυλλάβους
994 1997 1335 2051 ἀποτελοῦσι.
1403 2006 1514 2050 πᾶν
1553 2001 1656 2067 γὰρ
1698 2001 1894 2070 διφυὲς

206 2079 368 2152 ἑτέρῳ
418 2082 614 2149 διφυεῖ
650 2081 1101 2147 συμπλεκόμενον
1143 2079 1379 2149 τέσσαρα
1419 2083 1661 2149 σχήματα
1701 2081 1892 2135 ἀποτε-

205 2166 302 2229 λεῖ,
343 2163 415 2224 ὡς
456 2160 523 2215 ἐν
562 2167 638 2233 τᾷ
677 2160 823 2231 περὶ
865 2160 1205 2227 ὀνομάτων
1244 2166 1487 2228 εἴπομεν·
1527 2161 1617 2214 καὶ
1657 2163 1689 2230 ἡ
1731 2163 1892 2231 ἀριθ-

323 2312 348 2349 6
382 2308 442 2350 ad
474 2310 625 2351 totum
657 2321 756 2363 cap.
792 2307 847 2350 cf.
881 2308 1069 2363 praeter
1101 2306 1383 2362 appendices
1418 2306 1577 2350 Choer.
1606 2313 1705 2362 211,
1726 2313 1777 2351 11
1791 2323 1888 2364 sqq.

205 2366 342 2421 (adde
385 2366 477 2411 Ioa.
517 2367 605 2411 Sic.
642 2366 766 2409 RhG
802 2367 863 2409 VI
900 2371 1006 2417 237,
1042 2368 1311 2422 15—240);
1359 2365 1466 2410 vide
1508 2366 1727 2410 Hoersch.
1764 2368 1890 2410 LdM

205 2430 259 2466 53
276 2440 373 2480 sqq.
402 2431 454 2468 61
480 2429 495 2483 ΙΙ
521 2431 543 2469 7
579 2426 755 2470 schol.A
780 2430 878 2479 109,
899 2431 951 2468 12

323 2550 346 2586 3
381 2543 437 2587 cf.
466 2549 564 2598 292,
584 2549 637 2587 27
664 2546 678 2599 ΙΙ
705 2549 727 2586 7
763 2548 816 2596 ἐξ
846 2549 927 2585 1—
933 2548 957 2585 6
991 2557 1078 2587 om.
1105 2544 1180 2599 ΖΗ
1207 2549 1260 2585 13
1294 2543 1507 2596 σύνταξις
1533 2543 1697 2599 scripsi
1721 2557 1776 2587 ex
1802 2546 1887 2660 Αῃῆ.

203 2603 359 2646 Ambr.
394 2608 477 2646 232
519 2580 567 2647 cf:
599 2603 758 2646 Choer.
785 2607 974 2658 211,14,
1013 2601 1142 2654 τάξις
1180 2602 1312 2645 codd.
1366 2604 1380 2658 ΙΙ
1437 2607 1491 2646 14
1531 2603 1609 2645 καὶ
1640 2603 1827 2657 Nauck,

205 2662 336 2705 codd
363 2662 815 2706 An.Ambr.Choe1-.
863 2664 877 2718 ΙΙ
926 2667 978 2704 15
1021 2661 1065 2713 ἓξ
1106 2663 1154 2705 et
1190 2657 1218 2719 ῂ
1258 2661 1421 2717 scripsi
1454 2675 1510 2704 ex
1540 2662 1626 2704 An.
1652 2662 1808 2706 Ambr.
1841 2666 1888 2706 et

204 2719 384 2774 Choer,
429 2721 564 2766 πέντε
608 2723 654 2765 et
697 2719 772 2770 αἷς
811 2721 943 2764 codd.
1003 2723 1016 2776 ΙΙ
1077 2725 1129 2763 18
1177 2720 1424 2776 κινουμένη
1468 2721 1528 2774 Y,
1575 2719 1758 2777 κειμένη
1799 2724 1885 2766 An.

202 2780 359 2823 Ambr.
415 2782 428 2835 ΙΙ
483 2786 538 2823 20
581 2779 806 2835 τεσσάρας
849 2779 1151 2836 δισυλλαβους
1190 2779 1339 2832 Caes,
1381 2779 1771 2836 τετρασυλλάβους
1804 2782 1887 2840 ΥΗ

204 2843 258 2881 22
292 2853 362 2882 vv,
398 2839 445 2882 ἐν
484 2843 546 2896 τῷ
586 2839 690 2894 περὶ
731 2838 970 2894 ὀνομάτων
1011 2839 1071 2881 ad
1111 2853 1251 2893 quam
1290 2838 1506 2895 (Longini
1550 2840 1632 2880 aut
1672 2838 1780 2882 Ori?
1827 2841 1884 2885 cf.

204 2901 377 2953 297,15
411 2901 457 2941 et
489 2884 649 2942 C‘hoer.
676 2902 775 2951 212,
796 2899 867 2954 25)
901 2897 1339 2940 commentationem
1371 2898 1595 2952 spectent,
1626 2898 1782 2941 nescio
