2090 3158
461 181 567 221 XVI
584 191 670 223 3-6
702 181 846 222 ΠΕΡΙ
876 179 1499 222 ΠΟΛΤΣΧΗΜΑΤΙΣΤΩΝ
1722 177 1825 229 165

136 313 502 381 ἀντίσπαστος
555 313 696 384 ἔχων
753 314 1059 383 λελυμένην
1112 314 1212 382 τὴν
1272 316 1407 380 μίαν
1467 313 1684 382 μακρὰν
1736 313 1827 364 καὶ

134 404 402 463 τροχαῖος.

247 476 332 539 58,
358 477 392 529 5
434 476 543 530 Καὶ
595 479 655 531 τὸ
697 479 1050 546 Κρατίνειονε
1096 478 1157 530 τὸ
1205 476 1457 544 καθαρὸν
1496 478 1828 543 Κρατίνειον

2 561 109 619 113]
136 559 499 628 τετράμετρόν
538 557 652 612 ἐστι
691 562 1102 627 καταληκτικόν,
1143 561 1270 626 ε”χον
1300 558 1664 626 τὴνιπρώτην
1703 577 1827 626 χορ-

136 642 412 708 ιαμβικήν,
445 641 547 708 τὴν
580 640 846 707 δευτέραν
879 643 1155 709 ἰαμβικήν,
1187 640 1358 708 <τὴν>
1393 641 1579 706 τρίτην
1610 651 1826 707 τροχαῖ-

134 722 254 788 κήν,
295 722 397 789 τὴν
434 724 762 776 κατακλεῖδα
799 723 1117 791 τροχαϊκήν·
1163 721 1254 773 καὶ
1295 719 1355 773 ἐν
1392 729 1511 782 ταῖς
1552 721 1828 789 ιάμβικαῖς

133 805 327 855 τοίνυν
373 802 463 855 καὶ
511 812 629 866 ταῖς
675 813 989 873 τροχαϊκαῖς
1033 804 1181 870 παρὰ
1219 800 1374 865 τάξιν
1412 801 1660 864 τιθέντες
1699 803 1828 864 τοὺς

136 885 466 947 σπονδείους
503 886 1020 954 πολυσχημάτιστον
1060 886 1192 938 αὐτὸ
1226 891 1503 952 ποιοῦσιν,
1548 884 1638 936 οἵα
1677 881 1828 936 ἐστὶν

66 1014 78 1025 ,
134 965 166 1034 ἡ
207 966 516 1035 παράβασις
555 967 651 1034 ἥδε
693 965 889 1037 (Heph.
920 965 1006 1035 54,
1031 965 1126 1036 26)

210 1047 411 1116 ἄνδρες
452 1046 659 1116 ἑταῖροι
700 1047 862 1118 δεῦρ’
901 1049 1006 1117 ἤδη
1046 1050 1148 1117 τὴν
1188 1048 1413 1115 γνώμην
1450 1049 1751 1115 προΐσχετε.

134 1127 166 1195 ἡ
213 1130 402 1198 πρώτη
451 1131 778 1199 χοριαμβικὴ
827 1130 1065 1198 ἄνδρες
1112 1127 1262 1182 ἑται.
1348 1127 1380 1196 ἡ
1429 1126 1661 1195 δευτέρα
1709 1129 1827 1195 ἰαμ-

133 1212 259 1278 βικὴ
315 1206 456 1263 οὖσα
504 1210 564 1264 ἐν
613 1211 780 1283 ἀρτίῳ
827 1214 949 1280 ε”σχε
994 1212 1092 1264 τὸν
1139 1211 1437 1263 σπονδεῖον
1488 1230 1591 1278 ροι
1646 1207 1829 1277 δεῦρ’

132 1293 166 1359 ἤ
179 1293 213 1344 δ
222 1313 270 1360 η.
348 1293 380 1360 ἡ
420 1295 574 1361 τρίτη
623 1294 883 1362 τροχαῖκὴ
925 1289 1065 1346 οὖσα
1104 1293 1165 1346 ἐν
1203 1300 1268 1362 τῇ
1307 1299 1530 1361 περιττῇ
1569 1288 1692 1360 ἔσχε
1730 1291 1829 1343 τὸν

134 1375 432 1426 σπονδεῖον
479 1376 596 1442 τὴν
643 1375 907 1444 γνώμην
946 1393 1068 1443 προ
1108 1375 1197 1427 καὶ
1237 1374 1433 1426 λοιπὸν
1472 1373 1505 1441 ἡ
1544 1373 1829 1434 κατακλεὶς

133 1457 391 1523 τροχαϊκὴ
432 1457 663 1524 ίσχετε.

207 1537 341 1604 58‚6
368 1538 420 1589 εἰ
442 1538 685 1590 δυνατὸν
708 1538 798 1590 καὶ
822 1540 896 1606 μή
921 1557 971 1590 τι
996 1541 1180 1604 μεῖζον
1204 1537 1522 1605 πράττουσα
1544 1535 1826 1604 τυγχάνει·

134 1616 163 1669 ὁ
201 1627 417 1685 πρῶτος
456 1620 753 1686 χορίαμβος
787 1621 843 1672 εἰ
882 1621 1182 1672 δυνατόν.
1246 1619 1275 1671 ὁ
1309 1619 1580 1686 δεύτερος..
1614 1615 1675 1670 ἐν
1709 1618 1827 1684 ίαμ-

132 1701 258 1768 βικῆ
300 1700 508 1771 γνησίῳ
555 1700 659 1752 καὶ
707 1702 786 1769 μή
825 1721 885 1754 τι
924 1721 1042 1768 μει.
1122 1702 1152 1769 ἡ
1192 1702 1347 1769 τρίτη
1386 1700 1647 1768 τροχαϊκὴ
1688 1693 1829 1751 οὖσα

135 1779 195 1832 ἐν
242 1789 305 1850 τῇ
362 1789 586 1851 περιττῇ
634 1779 743 1851 ἔχει
791 1783 890 1835 τὸν
936 1784 1235 1835 σπονδεῖον
1283 1785 1392 1846 ζον
1436 1781 1826 1847 πράττουσα.

134 1861 166 1930 ἡ
205 1863 487 1923 κατακλεὶς
523 1862 693 1915 πάλιν
723 1865 983 1932 τροχαῖκὴ
1022 1865 1347 1932 τυγχάνει
1372 1893 1446 1901 -·
1477 1861 1598 1930 ἑξῆς
1629 1861 1828 1928 ὁμοίως

135 1942 266 2010 <ἐν>
305 1952 423 2005 ταῖς
464 1945 741 2012 ἰαμβικαῖς
778 1943 870 1997 καὶ
910 1954 1028 2007 ταῖς
1065 1954 1383 2014 τροχαῑκαῖς
1419 1945 1566 2012 παρὰ
1606 1943 1759 2006 τάξιν
1799 1942 1827 1995 ὁ

134 2026 426 2086 σπονδεῖος
465 2023 685 2094 ἐποίησε
724 2027 905 2088 τεθεὶς
943 2027 1004 2079 τὸ
1044 2027 1577 2095 πολυσχημάτιστον,
1618 2026 1691 2088 ὡς
1722 2026 1826 2093 ἤδη

134 2105 342 2174 εἴρηται
384 2106 531 2178 αὐτῷ
568 2105 628 2158 ἐν
667 2114 741 2179 τῷ
776 2107 1186 2176 ἀσυναρτήτων.

690 2285 727 2351 †
748 2287 893 2353 Περὶ
932 2290 1276 2354 ποιήματος.

247 2392 338 2450 58,
367 2394 432 2439 17
481 2391 603 2440 κατὰ
651 2392 812 2456 στίχον
866 2391 958 2458 γὰρ
1007 2399 1266 2458 μετρεῖται,
1319 2392 1443 2442 διότι
1491 2392 1599 2443 οὔτε
1651 2392 1827 2457 χρόνον
1853 2411 1871 2442 2

136 2462 244 2514 οὔτε
292 2463 406 2514 ἄλλο
448 2484 492 2514 τι
539 2464 805 2528 πρόσωπον
844 2465 1128 2526 ε’ξαλλάττον
1168 2468 1219 2517 τὸ
1261 2467 1454 2531 μέτρον·
1503 2467 1626 2516 κατὰ
1666 2467 1827 2531 στίχον

134 2535 186 2587 δὲ
225 2538 398 2603 κύριόν
438 2538 535 2588 ἐστι
575 2539 626 2588 τὸ
667 2539 947 2605 ἕξάμετρονι
987 2569 1058 2575 —
1096 2542 1191 2591 GP

254 2700 278 2738 2
311 2701 530 2752 τροχαῖον
564 2696 596 2738 Ι
636 2698 650 2751 ΙΙ
697 2700 722 2738 5
756 2695 839 2752 τὴν
872 2699 1026 2754 (post.)
1059 2712 1146 2741 om.
1174 2699 1271 2743 IM
1307 2700 1321 2754 {l
1364 2700 1416 2740 10
1450 2697 1652 2740 debebat
1683 2712 1828 2752 προσ-

135 2750 278 2809 ίσχετε
325 2760 339 2803 Ι·,
388 2759 441 2796 12
482 2761 535 2811 τῇ
577 2752 726 2830 ἀρτίῳ
753 2754 891 2798 Turn.
932 2759 946 2812 ΙΙ
987 2761 1041 2799 12
1074 2759 1122 2801 et
1156 2762 1208 2800 13
1251 2757 1340 2814 ἔχει
1372 2755 1583 2812 Westph.
1625 2761 1638 2808 ΙΙ
1687 2762 1739 2799 21
1776 2757 1831 2801 ἐν

135 2812 240 2855 add.
267 2813 478 2888 Westph'.
521 2815 534 2869 ΙΙ
582 2818 635 2856 23
671 2814 794 2871 αὐτῷ
829 2813 972 2869 Caesa.⁹
1006 2816 1119 2860 αυτὸ
1152 2817 1249 2861 IM
1294 2817 1299 2873 Ι
1351 2816 1400 2859 ἐν
1432 2818 1495 2873 τῷ
1522 2815 1552 2867 <
1558 2816 1663 2870 περὶ
1696 2815 1829 2873 τῶν)

134 2869 403 2928 Westph.1
453 2873 753 2927 ἀσυιαρτήτω
787 2875 819 2916 Ι
825 2874 882 2916 Μ
927 2877 941 2930 Η
988 2879 1101 2918 24-
1110 2879 1207 2928 166,
1228 2879 1250 2917 7
1284 2875 1401 2918 haec
1435 2864 1613 2918 scholia
1644 2888 1737 2918 non
1769 2889 1825 2918 ex

136 2930 329 2984 antiquo
361 2945 550 2986 corpore
585 2932 830 2987 desumpta
862 2934 1090 2979 videntur

1852 1062 1895 1094 10

1852 1468 1893 1501 15

1852 1876 1895 1908 20
