2060 3168
246 186 352 238 308
829 187 1079 228 APPEND
1114 187 1351 230 DIONYS.

246 323 295 374 2.
338 321 670 382 ἀνάπαιστος
716 320 774 372 ἐκ
815 321 916 372 δύο
957 322 1229 388 βραχειῶν
1259 342 1289 373 ὕ
1319 322 1410 373 καὶ
1448 329 1715 391 μακρᾶς-
1748 322 1933 391 τετρά-

394 422 607 471 χρονος,
649 394 771 454 οἷον
811 400 1094 469 Πολέμων.

247 484 295 536 3.
337 483 686 552 άμφίμακρος
718 481 777 534 ἐκ
808 490 1068 550 μακρᾶς-
1093 480 1184 534 καὶ
1216 484 1472 551 βραχείας
1493 513 1524 535 υ
1547 484 1636 536 καὶ
1666 492 1873 554 μακρᾶς
1903 530 1931 538 -

393 564 779 633 πεντάχρονος,
820 554 941 615 οἷον
973 561 1240 631 Ηγεμών.

179 668 199 699 5
247 648 296 699 4.
336 645 687 714 ἀμφίβραχυς
739 643 795 696 ἐκ
846 645 1103 712 βραχείας
1139 674 1170 696 υ
1207 643 1298 696 καὶ
1348 653 1557 714 μακρᾶς
1594 692 1622 698 -
1659 646 1750 698 καὶ
1800 649 1932 714 βρα-

395 730 543 795 χείας
572 756 603 778 υ
633 724 1009 793 τετράχρονος,
1050 715 1171 778 οἷον
1211 728 1473 793 Σερῆνος.

248 807 296 860 5.
337 810 587 876 βακχεῖος
643 805 700 858 ἐκ
750 807 1006 874 βραχείας
1043 835 1073 856 υ
1111 806 1201 858 καὶ
1253 807 1353 858 δύο
1410 816 1635 877 μακρῶν
1673 831 1702 851 z
1739 808 1933 860 πεντά-

395 907 592 957 χρονος
633 879 755 939 οἷον
793 887 1051 954 Νοήμων.

249 970 294 1022 6.
335 969 758 1037 παλιμβάκχειος
791 967 849 1019 ἐκ
890 968 991 1020 δύο
1024 976 1250 1038 μακρῶν
1279 993 1309 1012 z
1341 969 1430 1021 καὶ
1462 971 1718 1038 βραχείας
1748 1000 1779 1022 υ
1807 988 1935 1022 πεν-

180 1075 223 1106 10
396 1051 678 1119 τάχρονος,
719 1042 842 1102 οἷον
865 1047 1190 1117 ’Ἠφαιστος

250 1133 295 1184 7.
337 1140 550 1201 χορεῖος
582 1129 640 1183 ἐκ
671 1140 841 1199 τριῶν
873 1133 1144 1200 βραχειῶν
1170 1127 1195 1191 ἕ
1220 1133 1526 1200 τρίχρονος,
1566 1123 1688 1184 οἶον
1716 1133 1935 1194 Δολίος.

247 1214 296 1266 8.
336 1213 608 1282 μολοσσὸς
634 1211 691 1264 ἐκ
715 1220 884 1279 τριῶν
909 1219 1179 1280 μακρῶνΞ
1200 1209 1506 1281 ἑξάχρονος,
1533 1206 1654 1265 οἷον
1671 1212 1934 1282 “Ηρώὸης.

246 1303 362 1357 τοῖς
415 1294 519 1362 γὰρ
574 1293 1035 1362 τετρασυλλάβοις
1086 1292 1153 1344 οὐ
1200 1302 1439 1362 χρῶνται
1487 1295 1540 1346 οἱ
1585 1294 1830 1362 μετρικοὶ
1877 1296 1936 1346 ἐν

248 1384 363 1437 τοῖς
401 1377 619 1445 χρόνοις
657 1374 888 1435 τούτοις.

183 1480 223 1512 15
368 1456 808 1526 Τετρασύλλαβοι
849 1455 909 1507 ὁὲ
949 1454 1150 1518 δεκαέξ.

253 1538 297 1590 1.
337 1537 866 1606 προκελευσματικὸς
907 1536 964 1588 ἐκ
1003 1538 1285 1606 τεσσάρων
1328 1540 1601 1606 βραχειῶν
1631 1559 1661 1590 ὕ
1690 1559 1720 1590 m
1751 1538 1938 1608 τετρά-

398 1639 612 1688 χρονος,
654 1610 776 1670 οἷον
816 1619 1137 1686 φιλόσοφος.

251 1701 299 1753 2.
338 1702 517 1752 παίων
565 1709 780 1767 πρῶτος
831 1698 890 1751 ἐκ
940 1707 1148 1767 μακρᾶς
1187 1746 1213 1752 -
1255 1700 1344 1752 καὶ
1390 1709 1560 1769 τριῶν
1607 1697 1936 1769 βραχειῶνὲ

398 1781 782 1850 πεντάχρονος,
824 1772 946 1832 οἷον
987 1783 1338 1849 Στησίχορος.

186 1886 228 1917 20
253 1863 300 1915 3
340 1864 518 1915 παίων
555 1863 810 1930 δεύτερος
851 1861 908 1914 ἐκ
947 1864 1200 1931 βραχείας
1231 1892 1261 1913 υ
1291 1862 1380 1914 καὶ
1412 1869 1678 1932 μακρᾶς-
1711 1860 1799 1914 καὶ
1833 1863 1936 1914 δύο

400 1946 671 2012 βραχειῶν
701 1964 731 1994 0
761 1943 1147 2012 πεντάχρονος,
1189 1935 1310 1994 οἷον
1342 1941 1642 2011 Ὀνήσιμος.

253 2026 300 2077 4.
341 2027 521 2077 παίων
567 2027 748 2092 τρίτος
796 2022 854 2075 ἐκ
902 2025 1005 2076 δύο
1052 2026 1325 2093 βραχειῶν
1356 2045 1385 2076 ὕ
1414 2025 1503 2076 καὶ
1550 2032 1815 2092 μακρᾶς-
1848 2044 1936 2076 και

401 2107 656 2174 βραχείας
687 2135 717 2156 υ
746 2105 1135 2174 πεντάχρονος,
1176 2107 1298 2157 οἱον
1338 2107 1701 2172 Κλεόβουλος.

256 2186 302 2239 5.
343 2189 523 2238 παίων
569 2185 822 2254 τέταρτος
870 2185 928 2237 ἐκ
975 2196 1144 2253 τριῶν
1182 2189 1510 2254 βραχειῶν
1487 2184 1512 2224 ὅ
1545 2187 1633 2238 καὶ
1672 2197 1879 2255 μακρᾶς
1910 2232 1937 2240 -

189 2291 229 2322 25
401 2268 787 2336 πεντάχρονος,
829 2260 950 2320 οἷον
983 2267 1280 2335 Επιγένης.

256 2348 302 2400 6.
346 2350 561 2410 ἰωνικὸς
594 2348 696 2400 ἀπὸ
729 2350 974 2414 μείζονος
1011 2348 1068 2400 ἐκ
1102 2349 1203 2400 δύο
1236 2358 1460 2418 μακρῶν
1490 2372 1520 2392 z
1550 2347 1639 2401 καὶ
1673 2350 1774 2401 δύο
1807 2351 1938 2417 βρα-

404 2440 567 2498 χειῶν
598 2452 626 2481 es
659 2428 963 2497 ἑξάχρονος,
1005 2422 1127 2482 οἷον
1166 2432 1495 2498 Δημήτριος.

259 2512 304 2563 7.
348 2512 564 2573 ἰωνικὸς
603 2509 702 2562 ἀπ’
742 2511 1035 2572 ἐλάσσονος
1076 2510 1132 2562 ἐκ
1181 2511 1282 2562 δύο
1330 2513 1600 2579 βραχειῶν
1639 2532 1667 2562 ὕ
1706 2508 1793 2562 καὶ
1835 2511 1937 2563 δύο

404 2601 629 2660 μακρῶν
659 2616 688 2634 z
721 2590 1027 2659 ἑξάχρονος,
1068 2586 1188 2644 οἷον
1227 2594 1525 2660 Διομήδης.

378 2698 401 2734 6
436 2690 622 2747 Βοηθός
646 2693 700 2735 Κ
725 2691 796 2734 Ps.
815 2691 980 2746 Heph.‚
1003 2689 1202 2748 Ὅμηρος
1226 2705 1332 2747 app.
1357 2692 1473 2735 rhet.
1501 2691 1619 2734 Chis.
1645 2694 1660 2748 ΙΙ
1687 2696 1737 2734 11
1774 2690 1940 2742 Δολίος

260 2750 413 2806 Uhlig‚
441 2751 608 2802 Δόλιος
627 2751 746 2794 MK
766 2764 871 2806 app.
890 2750 1006 2794 rhet.
1034 2750 1435 2803 Chis.1b‚''fflsv09
1457 2752 1528 2794 Ps.
1547 2751 1695 2806 Heph.
1720 2752 1734 2806 ΙΙ
1762 2755 1813 2793 13
1838 2750 1937 2794 rell.

261 2823 348 2852 0111.
383 2810 625 2852 Armenius
659 2812 706 2852 et
738 2809 859 2852 Ghis.
893 2814 916 2862 ξ
946 2810 991 2852 lb
1024 2812 1037 2865 ΙΙ
1072 2815 1122 2852 17
1158 2807 1380 2865 θεολόγος
1410 2810 1483 2853 Ps.
1507 2809 1656 2864 Heph.
1682 2811 1696 2865 Η
1723 2814 1775 2852 19
1803 2807 1939 2864 ‘1196-

261 2871 394 2917 δοτος
425 2868 496 2911 Ps.
523 2868 671 2924 Heph.
712 2872 725 2922 11
773 2874 827 2911 23
865 2868 1107 2923 Θεόδωρος
1138 2869 1210 2912 Ps.
1235 2869 1383 2924 Heph.
1430 2871 1444 2925 ΙΙ
1495 2873 1549 2911 25
1588 2867 1835 2924 Θεοφάνης
1865 2869 1937 2912 Ps.

260 2927 407 2981 Heph.
433 2930 446 2982 ΙΙ
472 2932 526 2970 29
559 2925 827 2982 Κλεομήδης
857 2927 928 2970 Ps.
954 2927 1102 2983 Heph.
