2060 3168
4 145 17 216 Ξ
806 126 1039 166 ΣΧΟΛΙΑ
1070 126 1106 166 Β
1138 125 1203 166 XI
1514 151 1518 156 .
1742 125 1850 177 279

163 269 278 313 σῶν
318 260 527 328 δηλαδὴ
569 260 672 312 δύο
707 260 1012 326 συλλαβῶν.
1073 260 1594 328 βραχυκατάληκτον
1627 257 1687 312 δὲ
1719 260 1853 313 ὅταν

165 342 240 404 εἰς
279 341 377 394 ἕνα
415 341 561 394 πόδα
602 341 909 409 ὁλόκληρον
946 339 1235 409 κατάληξις
1275 339 1511 408 γένηται.

3 429 126 486 ’(175)
311 424 358 475 9.
414 421 443 475 6
482 421 812 491 Ἐπίχαρμος
849 423 910 475 τὸ
951 424 1159 475 οἰκεῖον
1198 424 1378 491 δρᾶμα
1417 422 1591 485 οὕτως
1631 421 1851 476 ἐκάλεσε

13 574 20 578 .
163 507 352 572 Λόγον
391 502 481 556 καὶ
522 506 785 572 Λογίναν.
1436 560 1454 568 -

0 588 128 654 (182)
277 585 360 638 10.
415 583 503 638 ἐπὶ
550 594 661 638 τῶν
707 587 923 654 χρόνων
963 587 1312 654 Πτολεμαίου
1352 584 1451 638 τοῦ
1496 585 1852 655 Φιλαδέλφου
1899 607 1919 640 5

4 697 13 703 —
162 666 294 720 ἑπτὰ
334 668 554 736 ἄριστοι
594 668 855 734 γεγόνασι
895 669 1171 734 τραγικοί,
1212 666 1309 729 οὓς
1350 667 1630 729 Πλειάδας
1669 665 1851 720 ἐκάλε-

0 760 7 822 ’,
161 763 265 802 σαν
306 749 397 801 διὰ
433 750 494 802 τὸ
529 750 811 818 λαμπροὺς
843 742 984 800 εἶναι
1018 748 1078 800 ἐν
1107 756 1172 818 τῇ
1205 756 1432 818 τραγικῇ
1466 748 1646 816 ὥσπερ
1680 749 1852 817 ἄστρα

80 862 84 883 ;
159 831 226 883 τὰ
280 828 341 883 ἐν
394 838 458 900 τῆ
513 830 763 882 Πλειάδι.
848 830 952 882 εἰσὶ
1010 830 1070 882 δὲ
1125 825 1301 895 οὗτοι·
1350 827 1586 898 Ὅμηρος
1641 827 1766 901 (οὐχ
1822 830 1850 884 6

0 903 20 985 fi
161 914 406 981 ποιητής,
458 909 587 963 ἀλλ’
623 912 745 974 υἱὸς
785 909 813 963 6
853 914 1092 979 Μυροῦς
1130 918 1226 978 τῆς
1265 913 1567 974 Βυζαντίας
1604 915 1851 982 ποιητρί-

2 990 13 1022 ·’
162 990 308 1064 δος),
363 994 452 1045 καὶ
509 994 800 1055 Σωσίθεος
853 992 942 1044 καὶ
996 994 1311 1060 Λυκόφρων
1364 990 1454 1044 καὶ
1501 990 1852 1062 Ἀλέξανδρος
1877 1014 1918 1047 ιο

0 1115 5 1153 i
159 1073 249 1128 καὶ
291 1075 630 1142 Αίαντιάδης
667 1073 757 1126 καὶ
798 1074 1136 1141 Σωσιφάνης
1174 1071 1263 1125 καὶ
1309 1074 1584 1136 Φιλίσκος.

0 1162 125 1226 k(93)
275 1157 358 1209 11.
400 1155 583 1208 ἰστέον
623 1156 724 1223 ὅτι,
765 1155 899 1208 ὅταν
938 1156 993 1207 αἱ
1034 1156 1342 1223 δίφθογγοι
1374 1156 1728 1224 καθαρεύωσι
1760 1154 1850 1209 καὶ

0 1247 3 1253 ’
159 1239 225 1291 τὰ
278 1238 459 1307 μακρὰ
512 1247 623 1290 τῶν
670 1236 1007 1305 φωνηέντων
1052 1236 1191 1305 πρὸς
1235 1237 1337 1304 τὴν
1383 1234 1504 1304 ἑξῆς
1552 1240 1850 1306 συλλαβήν,

159 1321 280 1388 ἤτοι
342 1319 477 1372 ὅταν
538 1326 763 1387 φωνῆεν
824 1317 1150 1387 ἐπιφέρηται
1210 1325 1275 1387 τῇ
1338 1319 1632 1390 διφθόγγςο
1693 1317 1727 1386 ἢ
1782 1325 1857 1391 τῷ

158 1407 341 1472 μακρᾷ
388 1403 688 1469 φωνήεντι,
737 1399 769 1467 ἢ
814 1402 851 1469 ρ
899 1397 1110 1470 (ἐπειδὴ
1158 1397 1250 1452 καὶ
1297 1407 1460 1452 τοῦτο
1509 1400 1581 1462 ὡς
1628 1409 1852 1468 φωνῆεν
1875 1421 1918 1454 15

159 1491 274 1545 τοῖς
312 1485 566 1544 παλαιοῖς
598 1482 930 1550 λαμβάνεται
962 1479 1052 1533 καὶ
1087 1481 1179 1532 διὰ
1211 1487 1374 1533 τοῦτο
1407 1481 1498 1533 καὶ
1530 1480 1848 1552 δασύνεται)

161 1596 230 1602 -
281 1563 414 1616 ὅταν
459 1571 629 1616 ταῦτα
675 1560 995 1632 ἔμπροσθεν
1041 1561 1264 1631 εὕρηται
1313 1563 1632 1631 διφθόγγου
1672 1563 1705 1632 ἢ
1751 1583 1850 1631 μα-

159 1653 298 1713 κροῦ
346 1647 686 1714 φωνήεντος,
739 1642 863 1696 ἀντὶ
910 1652 1100 1711 κοινῆς
1147 1645 1424 1711 συλλαβῆς
1463 1643 1495 1711 ἡ
1537 1645 1851 1712 δίφθογγος

159 1724 251 1779 καὶ
289 1727 351 1779 τὸ
390 1727 603 1796 μακρὸν
641 1726 867 1793 εὕρηται
906 1733 1143 1795 φωνῆεν.

275 1807 357 1859 12.
418 1807 708 1875 ἀωρόλειοι
756 1807 814 1859 oc
856 1804 956 1870 ἔξω
1004 1808 1107 1874 ἤδη
1165 1806 1308 1875 ὥρας
1356 1807 1669 1875 λειούμενοι
1722 1827 1917 1860 του-20

160 1889 344 1942 τέστιν
384 1888 445 1941 ἐν
484 1890 626 1958 γήρᾳ
663 1889 1145 1953 καλλωπιζόμενοι.

279 2054 393 2093 3-4
412 2071 467 2086 =
486 2048 661 2092 schol.A
683 2052 781 2101 133,
802 2052 857 2090 20
881 2050 896 2104 ΙΙ
921 2052 1063 2091 5-11
1091 2046 1249 2092 Choer.
1278 2053 1377 2102 236,
1397 2053 1564 2102 5—143
1591 2048 1646 2092 cf.
1675 2048 1849 2092 schol.A

160 2113 260 2164 140,
282 2113 426 2152 8—-12
458 2111 472 2165 ῃ
500 2111 671 2151 12—19
698 2130 753 2145 =
780 2107 920 2150 schol.
947 2106 1019 2150 K²
1042 2107 1134 2151 AV
1164 2123 1207 2163 p.
1238 2112 1321 2150 149
1356 2107 1417 2150 ad
1450 2113 1594 2163 62,16
1626 2110 1641 2164 ss
1673 2113 1846 2152 20—21

159 2190 215 2205 =
241 2168 414 2211 schol.A
441 2172 540 2222 156,
558 2171 754 2220 25—263
789 2166 845 2209 cf.
874 2166 999 2210 Suid.
1028 2181 1060 2210 s.
1087 2181 1126 2210 v.

279 2320 304 2358 2
339 2314 588 2371 ὁλόκληρον
619 2314 855 2368 Hoersch.,
897 2313 1143 2370 ὁλόκληρος
1174 2315 1307 2358 codd.
1333 2316 1347 2371 ΙΙ
1372 2320 1397 2358 6
1430 2314 1643 2360 Πλειάδα
1675 2315 1849 2359 schol.A

160 2377 208 2418 et
239 2373 397 2418 Choer.
430 2376 445 2430 11
478 2379 502 2417 9
538 2373 561 2418 ὁ
594 2377 791 2428 Μυροῦς
823 2373 994 2427 Potter,
1029 2373 1052 2417 6
1085 2381 1259 2430 μηροῦς
1290 2375 1422 2418 codd.
1456 2378 1469 2430 ΙΙ
1504 2380 1556 2417 12
1590 2374 1846 2428 καθαριεύ-

159 2448 242 2477 ωσι
272 2448 304 2489 p
332 2435 379 2477 et
404 2433 482 2477 Κ2
505 2436 519 2490 ΙΙ
547 2439 596 2476 17
627 2431 871 2476 ὅταν-18
899 2449 1014 2487 φων.
1042 2432 1130 2476 del.
1158 2433 1325 2477 maluit
1349 2433 1568 2477 Hoersch.
1594 2436 1608 2490 Η
1636 2438 1686 2475 17
1716 2434 1845 2489 ἐμπρ.

160 2491 253 2547 εὕρ.
286 2506 515 2548 perversa,
556 2493 638 2536 sed
671 2494 825 2535 utrum
859 2492 1073 2548 scriptori
1106 2506 1165 2536 an
1198 2492 1390 2536 librario
1424 2493 1696 2546 debeantur,
1731 2492 1847 2535 dicit

157 2551 324 2606 nequit
