2060 3168
473 185 542 225 111
571 183 873 226 ΔΙΑΦΟΡΑῙ.
937 185 1002 226 IV
1030 185 1176 225 ΕῘΔΗ
1207 184 1435 225 ΣΤΙΧΩΝ
1690 182 1795 234 341

221 325 261 370 ἓ.
300 317 690 387 ὑπόρρυθμον,
730 319 760 372 ὅ
794 317 907 371 ἐστι
938 319 1000 371 τὸ
1031 317 1172 372 καθ’
1194 318 1425 372 ἕκαστον
1454 318 1599 371 πόδα
1630 317 1802 386 ἀπαρ-

110 402 260 464 τίζον
297 400 445 468 <είς>
483 399 648 468 μέρος
686 401 857 468 λόγου
899 397 976 471 (A
1000 398 1133 471 214)

260 481 454 549 ὕβριος
492 482 674 534 εἵνεκα
711 483 893 551 τῆσδε,
935 485 1004 535 σὺ
1037 481 1099 535 δ’
1130 482 1295 551 ἴσχεο,
1334 484 1528 534 πείθεο
1566 479 1626 533 δ’
1656 481 1800 549 ἡμῖν.

221 566 271 624 ξ.
310 563 540 630 τέλειον,
581 564 610 617 ὅ
651 562 765 616 ἐστι
805 565 866 616 τὸ
906 561 1035 632 ἕχον
1074 564 1174 617 ὅλα
1214 563 1279 615 τὰ
1318 557 1452 631 μέρη
1490 569 1591 614 τοῦ
1632 564 1802 629 λόγου

112 642 191 716 (Χ
215 643 311 716 59)
1848 661 1868 694 5

260 728 398 795 πρὸς
437 725 487 779 δ’
526 724 618 793 ἐμὲ
655 727 754 780 τὸν
794 727 1074 795 δύστηνον
1112 729 1190 779 ἔτι
1232 723 1523 794 φρονέοντ’
1562 723 1802 793 ἐλέησον.

226 819 262 880 ζ.
301 818 606 881 πολιτικόν,
647 817 676 869 ὅ
718 815 831 869 ἐστι
869 816 931 868 τὸ
971 817 1105 868 ἄνευ
1145 816 1364 877 πάθους
1403 813 1435 883 ἢ
1467 816 1677 883 τρόπου
1717 834 1804 882 γε-

110 899 351 966 νόμενον
391 896 466 968 (Λ
490 895 623 967 680)

260 980 463 1042 ἵππους
502 976 562 1032 δὲ
602 978 812 1042 ξανθὰς
852 976 1045 1031 ἑκατὸν
1082 978 1173 1031 καὶ
1212 980 1566 1046 πεντήκοντα.

837 1140 962 1209 Cap.
987 1140 1080 1194 IV.
1826 1157 1869 1188 ιο

609 1239 774 1306 Εἰ’δη
816 1240 1056 1307 στίχων
1096 1236 1298 1291 ἐννέα.

222 1346 270 1395 ἆ.
315 1345 611 1412 ἰσόχρονον
642 1343 702 1395 τὸ
742 1343 808 1394 τὰ
846 1341 1053 1409 μεγέθη
1087 1351 1200 1394 τῶν
1231 1344 1524 1408 συλλαβῶν
1555 1341 1644 1393 καὶ
1677 1343 1806 1403 τοὺς

111 1425 284 1486 πόδας
335 1424 438 1478 ἀπὸ
489 1425 712 1492 πρώτου
763 1423 921 1492 μέχρι
972 1422 1202 1492 ἐσχάτου
1253 1425 1383 1485 τοὺς
1431 1423 1635 1485 αὐτοὺς
1680 1425 1807 1491 ἔχον

112 1504 178 1577 (φ
212 1504 303 1576 15)

261 1588 335 1640 τὼ
377 1587 438 1640 δ’
477 1587 536 1640 ἐν
574 1589 844 1656 Μεσσήνῃ
885 1585 1200 1655 ξυμβλήτην
1238 1585 1537 1654 ἀλλήλοιιν.
1830 1606 1872 1639 15

223 1665 274 1743 B.
336 1676 745 1745 ἀπηρτισμένον
803 1677 864 1730 τὸ
926 1677 1029 1744 τὴν
1091 1674 1259 1738 δόξαν
1318 1683 1501 1728 πᾶσαν
1563 1676 1691 1743 ἔχον
1745 1673 1807 1728 ἐν

114 1755 288 1830 ἑαυτῷ
324 1757 413 1826 (Η
436 1757 491 1820 1)

263 1839 335 1902 ὣς
374 1840 546 1892 εἰπὼν
584 1839 803 1892 πυλέων
843 1838 1095 1902 ἐξέσσυτο
1137 1839 1399 1907 φαίδιμος
1423 1835 1650 1903 “Εκτωρ.

224 1924 273 1990 77.
315 1920 596 1988 ἀκέφαλον
634 1922 695 1973 τὸ
737 1920 842 1974 ἀπὸ
883 1923 1138 1990 βραχείας
1177 1919 1482 1988 ἀρχόμενον
1522 1916 1695 1989 (ΨΞ)

263 2001 450 2070 ἐπειδὴ
491 2003 626 2070 νῆάς
664 2022 721 2054 τε
761 2003 850 2055 καὶ
883 2000 1292 2070 Ἑλλήσποντον
1331 2002 1534 2053 ἵκοντο.
1828 2022 1874 2053 20

226 2092 274 2143 δ.
337 2092 583 2158 λαγαρὸν
643 2092 704 2144 τὸ
758 2092 895 2143 κατὰ
947 2092 1048 2158 τὴν
1102 2090 1274 2159 μέσην
1330 2090 1655 2158 συμπλοκὴν
1707 2090 1808 2157 τὴν

115 2172 392 2224 σύνθεσιν
431 2174 502 2240 μὴ
544 2175 718 2236 σῶζον
758 2169 834 2242 (Ξ
856 2169 911 2240 1)

265 2252 522 2322 Νέστορα
562 2252 623 2306 δ’
662 2253 764 2306 οὐκ
803 2251 1007 2306 ἔλαθεν
1048 2254 1170 2321 ἰαχὴ
1210 2253 1444 2305 πίνοντά
1483 2270 1584 2319 περ
1624 2248 1808 2318 ἔμπης.

224 2341 268 2386 ἓ.
331 2336 595 2403 μείουρον
649 2335 710 2387 τὸ
764 2335 866 2402 τὴν
919 2333 1324 2401 παρατέλευτον
1378 2339 1636 2401 βραχεῖαν
1682 2330 1810 2401 ἔχον

141 2418 207 2467 Μ
230 2416 262 2467 2

117 2413 138 2486 <
266 2414 446 2565 ἓέἶὶὂες
486 2495 547 2549 δ’
585 2495 901 2565 ἐρρίγησαν,
941 2498 1088 2559 ὅπως
1129 2498 1251 2550 ἴδον
1292 2498 1484 2549 αἰόλον
1523 2497 1670 2562 ὅφιν.
1832 2434 1875 2466 ²5

237 2618 265 2655 4
288 2611 480 2669 τέλειον]
506 2612 563 2655 cf.
590 2610 845 2667 πολυμερία
871 2627 942 2669 ap.
970 2612 1184 2657 Eustath.
1212 2613 1271 2656 ad
1296 2617 1331 2656 Β
1351 2617 1437 2656 824
1461 2627 1506 2667 p.
1527 2616 1696 2663 353,43
1709 2627 1807 2667 sqq.

119 2669 337 2727 (Grossm.
366 2687 412 2727 p.
439 2673 512 2726 30)
537 2674 551 2726 Η
578 2676 628 2714 11
664 2671 736 2716 Ps.
762 2671 912 2728 Heph.
947 2677 970 2724 ξ
997 2676 1035 2715 3.
1058 2677 1111 2715 14
1136 2674 1150 2728 11
1178 2677 1230 2715 19
1264 2690 1289 2728 7
1309 2699 1362 2704 —
1383 2688 1403 2715 ε
1436 2685 1527 2714 non
1561 2673 1669 2714 sunt
1693 2670 1810 2726 εἴδη,

118 2730 597 2845 ἓεᾶῧέτῖάᾶζὲἆᾳίῒαᾳυο
628 2731 677 2774 in
711 2730 883 2775 schol.1³
910 2731 959 2774 in
992 2745 1093 2787 cap.
1126 2733 1234 2786 περὶ
1267 2732 1390 2775 ἐπῶν
1422 2733 1602 2788 χωλῶνς
1637 2730 1716 2774 sed
1751 2729 1808 2774 cf.

239 2883 294 2921 21
327 2877 448 2921 κατὰ
480 2880 541 2927 Β,
581 2878 694 2933 μετὰ
726 2879 780 2923 Κ
818 2881 823 2935 Ι
867 2879 1135 2935 συμπλοκὴν
1168 2879 1347 2935 scripsi,
1380 2878 1483 2922 coll.
1519 2892 1625 2934 app.
1659 2877 1811 2930 Dion.‚

122 2934 401 2991 συμφωνίαν
434 2937 545 2981 ΒΚ
