2090 3158
675 174 760 215 vn
778 184 796 214 1
829 173 974 212 ΠΕΡΙ
1005 171 1407 212 ΔΑΚΤΤΛΙΚΟΤ
1786 170 1891 222 125

197 311 446 376 τροχαίου·
497 305 603 359 οἷον
651 308 676 359 ὃ
725 307 812 374 μὲν
860 310 1036 374 ἴαμβος
1082 313 1346 358 τελειοῦται
1393 308 1461 367 εἰς
1509 309 1725 374 μακράν,
1773 307 1798 358 ὃ
1840 307 1891 358 δὲ

196 390 419 450 τροχαῖος
465 382 658 450 ὄὶρχεται
704 383 801 433 ἀπὸ
849 392 1051 448 μακρᾶς.
1128 382 1210 433 καὶ
1258 381 1361 432 ἐπεὶ
1407 382 1459 432 τὸ
1511 378 1641 442 εἶδος
1688 381 1891 448 ἄρρενος

197 458 343 525 λόγον
389 458 506 523 ἔχει,
556 455 586 522 ἡ
629 457 680 508 δὲ
720 459 813 523 ὕλη
853 458 1060 522 θήλεος,
1109 457 1192 507 διὰ
1230 465 1372 506 τοῦτο
1413 455 1438 507 ὅ
1479 457 1656 522 ἴαμβος
1696 456 1748 506 ἕν
1787 462 1891 516 ταῖς

196 538 438 599 περιτταῖς
477 531 630 582 αὐτοῦ
663 533 841 598 χώραις
873 531 1064 592 ἐδέξατο
1097 531 1182 582 τὸν
1215 531 1494 595 σπονδεῖον,
1528 530 1552 581 ὁ
1586 529 1638 580 δὲ
1670 536 1891 596 τροχαῖος

196 607 248 657 ἐν
295 613 399 666 ταῖς
446 606 654 672 ἀρτίαις·
704 608 755 656 οἱ
796 606 889 673 γὰρ
936 605 1149 671 περιττοὶ
1194 614 1292 655 τῶν
1339 605 1570 671 ἀριθμῶν
1616 605 1739 654 κατὰ
1777 605 1891 664 τοὺς
1939 622 1958 653 5

196 682 579 748 Πυθαγορείους
605 680 808 746 ἄρρενος
833 680 996 746 ἔχουσι
1020 679 1184 746 λόγον,
1210 681 1261 730 οἱ
1282 678 1333 729 δὲ
1359 678 1517 745 ἄρτιοι
1542 679 1746 743 θήλεοςε
1771 681 1890 728 —D

911 890 1034 960 Cap.
1061 891 1178 944 VH.

78 1022 161 1061 161
306 1019 405 1065 τοῦ
460 1012 702 1081 ἡρωϊκοῦ
752 1011 1043 1078 ὀνομασίαι
1091 1009 1197 1063 εἰσὶ
1252 1010 1434 1064 πέντε·
1493 1012 1891 1064 δακτυλικὸν

61 1098 158 1156 [40]
194 1093 299 1147 ἀπὸ
340 1101 440 1146 τοῦ
480 1095 652 1155 ποδὸς
683 1101 783 1146 τοῦ
817 1093 1148 1161 ἁρμόζοντος
1180 1093 1344 1165 αὐτῷ·
1387 1093 1657 1155 δάκτυλος
1690 1092 1750 1145 δὲ
1782 1089 1888 1145 ἀπὸ

193 1183 293 1228 τοῦ
355 1174 621 1244 ἡμετέρου
683 1173 884 1242 μέρους
939 1174 1150 1244 εἴρηται
1206 1175 1386 1243 ὥσπερ
1450 1173 1540 1227 καὶ
1603 1177 1742 1236 ποὺς
1796 1175 1886 1227 καὶ
1913 1193 1956 1224 10

193 1257 366 1324 βάσις.
428 1257 640 1329 ἡρῷον
678 1255 785 1308 ἀπὸ
827 1264 926 1309 τοῦ
959 1257 1053 1318 τὰς
1088 1255 1309 1324 πράξεις
1340 1266 1452 1309 τῶν
1482 1257 1682 1325 ἡρώων
1711 1258 1887 1328 τούτῳ

192 1339 509 1407 γεγράφθαι
564 1344 639 1410 τῷ
688 1337 891 1410 μέτρῳ,
947 1338 979 1406 ἢ
1035 1338 1118 1390 ὅτι
1174 1339 1450 1391 σύντονον
1495 1345 1659 1391 τοῦτο
1715 1338 1746 1407 ἢ
1798 1336 1888 1390 καὶ

192 1421 473 1488 εὔρωστον
519 1421 580 1473 τὸ
629 1418 831 1488 με’τρον
871 1420 1054 1488 ὥσπερ
1103 1418 1193 1472 καὶ
1235 1421 1288 1472 οἱ
1333 1420 1514 1489 ἥρωες.
1591 1421 1889 1472 πυθικὸν

193 1499 298 1554 ἀπὸ
360 1508 459 1554 τοῦ
522 1502 622 1554 τὸν
677 1502 907 1553 Πύθιον
968 1501 1144 1572 τούτῳ
1208 1507 1511 1570 κεχρῆσθαι
1566 1508 1641 1573 τῷ
1695 1500 1887 1574 μέτρῳ.

192 1580 342 1645 ἔπος
382 1581 486 1636 ἀπὸ
527 1590 627 1635 τοῦ
667 1581 901 1635 ἕπεσθαι
941 1583 1035 1645 τὰς
1073 1583 1259 1650 βάσεις
1299 1582 1581 1651 ἀλλήλαις·
1622 1581 1888 1636 ἐντεῦθεν
1913 1599 1955 1631 15

193 1665 296 1732 γὰρ
353 1662 442 1716 καὶ
490 1665 591 1732 τὴν
638 1671 736 1717 τοῦ
786 1666 954 1726 ἔπους
1001 1663 1200 1733 ἀρετὴν
1248 1661 1400 1716 ἔστιν
1448 1662 1613 1717 ἑλεῖν·
1669 1665 1735 1717 τὰ
1781 1665 1886 1734 γὰρ

193 1746 449 1814 εὔρυθμα
495 1755 606 1798 τῶν
653 1744 801 1798 ἐπῶν
849 1745 916 1798 οὐ
965 1744 1503 1814 συναπαρτιζομένας
1558 1743 1746 1815 ἔχουσι
1793 1748 1888 1809 τὰς

191 1827 380 1894 βάσεις
419 1836 534 1889 τοῖς
571 1826 760 1897 μέρεσι
800 1834 898 1880 τοῦ
940 1829 1111 1895 λόγου
1153 1827 1225 1889 ὡς
1264 1829 1326 1880 τὸ

547 1923 742 1993 ὕβριος
782 1923 964 1976 εἵνεκα
1002 1925 1167 1992 τῆσδε
1208 1921 1284 1994 (A
1309 1922 1465 1994 214)-

192 2020 489 2089 ἄρρυθμον
536 2021 639 2088 γὰρ
689 2027 867 2072 τοῦτο.
947 2018 1302 2089 ἑξάμετρον
1350 2020 1454 2072 ἀπὸ
1495 2028 1594 2073 τοῦ
1636 2020 1884 2091 ἀριθμοῦ
1911 2038 1954 2070 20

192 2111 303 2154 τῶν
342 2101 580 2170 βάσεωνε
623 2133 692 2138 —
718 2100 871 2153 AC]

311 2281 336 2318 8
363 2276 521 2321 Choer.
542 2281 661 2330 59,6.
697 2276 846 2320 Diom.
867 2276 951 2320 GL
973 2277 1110 2331 1494,
1129 2282 1199 2321 29.
1233 2277 1356 2322 RhG
1374 2278 1435 2322 VI
1453 2282 1553 2333 489,
1573 2283 1598 2322 5
1623 2281 1638 2335 ΙΙ
1662 2283 1687 2321 9
1714 2278 1884 2322 schol.¹³

192 2335 289 2391 (lib.
316 2336 374 2392 V)
406 2351 450 2392 p.
478 2341 548 2388 28,
575 2341 643 2379 22.
694 2335 750 2379 cf.
784 2336 901 2393 frag.
928 2336 1152 2380 Bob.·GL
1177 2337 1239 2380 VI
1264 2342 1364 2391 637,
1391 2343 1447 2380 23
1501 2340 1515 2394 ιι
1571 2343 1623 2381 11
1659 2338 1800 2381 schol.
1835 2338 1883 2380 in

191 2393 325 2438 Dion.
353 2395 460 2438 Thr.
487 2401 557 2441 21,
576 2401 733 2438 6-11.
768 2400 870 2450 476,
889 2401 1027 2452 sssqq.
1065 2398 1078 2452 ΙΙ
1120 2401 1174 2440 13
1207 2396 1319 2440 Atil.
1346 2397 1469 2440 Fort.
1497 2396 1580 2440 GL
1605 2397 1667 2440 VI
1692 2402 1792 2450 284,
1812 2402 1836 2440 8
1869 2399 1882 2455 ΙΙ

194 2459 248 2497 15
283 2455 423 2498 schol.
457 2455 505 2497 in
538 2455 672 2498 Dion.
700 2454 806 2497 Thr.
833 2459 933 2508 476,
953 2460 1021 2499 25.
1074 2456 1189 2500 Mar.
1208 2455 1328 2500 Viet.
1358 2456 1441 2499 GL
1466 2456 1530 2499 VI
1554 2460 1625 2509 50,
1645 2461 1712 2500 13.
1770 2456 1880 2501 Atil.

192 2513 315 2557 Fort.
344 2513 426 2556 GL
451 2514 514 2556 VI
539 2518 639 2568 284,
658 2519 682 2557 6
708 2516 722 2570 ΙΙ
748 2518 802 2557 18
836 2514 1007 2559 schol.1³
1036 2515 1133 2571 (lib.
1159 2515 1217 2571 V)
1243 2521 1313 2570 25,
1334 2520 1387 2559 13

312 2667 336 2704 3
369 2660 558 2720 θήλεος]
590 2665 705 2713 θεος
728 2663 777 2706 D
802 2664 815 2718 ΙΙ
841 2666 866 2704 8
891 2661 1118 2722 ἡρωϊκοῦ]
1145 2666 1424 2708 δακτυλικοῦ
1449 2665 1484 2707 O
1505 2664 1519 2719 ΙΙ
1545 2668 1569 2706 9
1602 2662 1882 2719 ἁρμόζοντος

192 2720 329 2779 αὐτῷ]
362 2718 695 2776 ἀπαρτίζοντος
726 2721 839 2765 αὐτὸ
866 2723 961 2766 AC
979 2724 994 2778 ΙΙ
1020 2727 1073 2766 12
1106 2722 1376 2778 γράφεσθαι
1409 2724 1503 2767 AC
1526 2724 1532 2779 Ι
1562 2723 1788 2779 σύντομον
1820 2724 1879 2777 A,

193 2778 477 2823 σύντ.-καὶ
508 2794 597 2824 om.
623 2782 695 2837 ΙΙΙ
729 2785 783 2824 16
817 2780 935 2825 ἑλεῖν
967 2782 1072 2836 AO,
1104 2781 1223 2826 ἰδεῖν
1247 2783 1312 2838 ΙΙΙ
1339 2787 1391 2825 17
1427 2782 1519 2839 ἔχει
1551 2783 1581 2825 Ι
1608 2784 1621 2839 ΙΙ
1654 2787 1708 2826 18
1740 2781 1879 2839 λόγου

194 2866 337 2921 Caes„
356 2841 409 2912 λό’
427 2869 486 2923 A,
521 2866 626 2913 ὅλου
647 2870 723 2914 CI
739 2871 753 2926 ΙΙ
780 2873 834 2912 20
860 2868 1106 2925 ἑξάμετρον
1124 2871 1228 2925 AC,
1261 2870 1516 2926 ἑξάριθμον
1541 2872 1605 2927 ΙΙΙ
1630 2875 1683 2914 21
1713 2871 1750 2915 O
1770 2871 1878 2914 add.

192 2925 395 2981 ἡρωϊκὸν
428 2925 549 2972 διότι
581 2927 624 2971 οἱ
657 2927 804 2985 ἥρωες
835 2929 1036 2987 ἀρχαῖοι,
1071 2929 1164 2973 ἔστι
1195 2929 1247 2974 δὲ
1279 2930 1357 2973 καὶ
1389 2937 1523 2974 τοῦτο
1558 2929 1773 2974 παλαιόν.
