2090 3158
143 1064 184 1095 10

143 1471 182 1502 15

142 1876 184 1907 20

210 169 282 221 42
410 171 831 214 ΗΦΑΙΣΤΙΩΝΟΣ
862 172 1249 213 ΕΓΧΕΙΡΙΔῙΟΝ
1282 173 1426 212 ΠΕΡΙ
1455 172 1716 214 ΜΕΤΡΩΝ.

210 304 295 374 ἐφ’
343 302 406 374 ἧς
457 307 555 358 τὸν
603 305 863 375 τέταρτον
914 306 1329 375 παραλαμβάνει
1379 315 1617 359 παιῶνα·
1656 338 1729 344 -
1767 304 1883 359 ἔσθ’
1943 293 1947 298 ’

211 387 298 440 ὅτε
340 387 400 440 δὲ
439 388 528 440 καὶ
568 385 655 440 ἐπὶ
694 395 788 455 τῆς
827 386 1233 456 παρατελεύτου
1273 385 1547 456 κέχρηται·
1589 419 1661 424 -

361 468 424 522 σε’
443 487 576 522 ποτε
600 469 739 531 Διὸς
763 468 868 521 ἀνὰ
891 468 1120 534 πύματα
1135 467 1295 537 νεαρὲ
1320 469 1447 537 κόρε
1471 470 1822 538 νεβροχίτων.

210 550 536 603 συντιθέασι
576 549 639 603 δέ
675 569 819 612 τινες
858 549 945 602 καὶ
987 547 1150 620 ἑτέρῳ
1197 551 1379 621 τρόπῳ
1419 550 1479 601 τὸ
1519 549 1899 620 τετράμετρον,
1932 555 2029 614 [81]

211 631 347 683 ὥστε
386 640 532 700 τρεῖς
572 626 714 683 εἶναι
752 633 882 693 τοὺς
913 629 1287 699 καλουμένους
1318 631 1608 699 τετάρτους
1639 641 1899 699 παιῶνας,

210 708 325 764 εἶτα
364 716 679 764 τελευταῖον
718 713 816 764 τὸν
856 714 1115 782 κρητικόν
1155 710 1242 783 (fr.
1275 712 1372 781 lyr.
1406 713 1486 765 ad.
1516 710 1644 783 107)

430 795 740 863 θυμελικὰν
774 799 859 846 ἰθι
897 794 1075 863 μάκαρ
1117 795 1474 862 φιλοφρόνως
1512 795 1589 857 εἰς
1627 792 1761 862 ἔριν.

320 876 403 943 (5)
425 869 508 927 Ὧι
541 875 608 942 δὴ
641 873 851 942 ἔφαμεν
877 874 987 946 (40,
1005 874 1096 947 14)
1122 877 1304 947 τρόπῳ
1331 885 1572 944 συνεχῶς
1597 881 1901 946 κεχρῆσθαι

210 956 412 1019 αὐτοὺς
445 955 533 1009 ἐπὶ
557 964 656 1009 τοῦ
681 955 1065 1026 τετραμέτρου,
1091 958 1228 1010 ὥστε
1253 966 1368 1019 τοῖς
1391 957 1535 1026 τρισὶ
1560 967 1762 1010 παιῶσι
1786 967 1902 1019 τοῖς

209 1040 445 1108 πρώτοις
493 1037 717 1106 ἐπάγειν
762 1040 1046 1107 κρητικόν,
1093 1039 1270 1109 τούτῳ
1311 1039 1399 1090 καὶ
1440 1037 1527 1091 ἐπὶ
1567 1046 1665 1091 τοῦ
1706 1057 1903 1091 πεντα-

208 1119 410 1189 μέτρου
447 1123 768 1187 Θεόπομπος
800 1119 828 1172 ὁ
861 1120 1096 1188 κωμικὸς
1129 1119 1392 1189 ἐχρήσατο
1426 1119 1487 1173 ἐν
1521 1123 1729 1173 Παισίν
1762 1117 1900 1190 (38),

209 1199 302 1270 ἀφ’
351 1197 417 1254 οὗ
457 1202 546 1254 καὶ
591 1204 972 1270 Θεοπόμπειον
1010 1205 1270 1269 καλεῖται,

356 1281 511 1335 πάντ’
568 1283 753 1351 ἀγαθὰ
809 1283 876 1351 δὴ
932 1281 1160 1350 γέγονεν
1208 1282 1477 1353 ἀνδράσιν
1526 1283 1655 1352 ἐμῆς
1718 1283 1823 1335 ἀπὸ

1277 1368 1591 1427 συνουσίας.

319 1446 350 1513 (
346 1450 378 1497 6
372 1447 403 1513 )
427 1446 680 1498 Δύναται
712 1445 774 1498 δὲ
805 1446 895 1498 καὶ
927 1444 1084 1514 μέχρι
1116 1453 1215 1498 τοῦ
1250 1444 1543 1515 ἑξαμέτρου
1569 1448 1902 1516 προκόπτειν

208 1528 267 1578 τὸ
293 1527 493 1597 μέτρον
519 1528 610 1579 διὰ
634 1528 694 1579 τὸ
721 1528 781 1580 τὸ
807 1528 1282 1596 τριακοντάσημον
1305 1529 1376 1595 μὴ
1401 1527 1785 1596 ὑπερβάλλειν,
1810 1525 1900 1579 καὶ
1932 1536 1989 1574 43

209 1613 290 1676 εἴη
332 1608 402 1661 ἂν
442 1607 736 1678 ἑξάμετρον
775 1610 1170 1677 καταληκτικὸν
1217 1609 1277 1661 τὸ
1320 1609 1663 1677 καλούμενον
1703 1650 1900 1662 ......

210 1690 268 1741 τὸ
317 1698 414 1742 τοῦ
467 1689 762 1759 Ἀλκμᾶνος
817 1689 876 1742 ἐκ
929 1692 1118 1758 μόνων
1168 1689 1536 1758 άμφιμάκρων
1576 1689 1771 1761 (Alam.
1806 1687 1900 1760 38)
1935 1695 2032 1753 [82]

352 1769 651 1839 Ἀφροδίτα
704 1767 807 1838 μὲν
861 1771 963 1823 οὐκ
1011 1769 1143 1839 ἔστι,
1185 1771 1394 1838 μάργος
1434 1770 1483 1823 δ’
1521 1770 1698 1838 ’Έρως
1739 1764 1827 1824 οἷα

1280 1854 1475 1920 «ζπαῖς>
1513 1855 1734 1905 παίσδει

358 1931 475 2001 ἅκρ’
530 1932 612 1986 ἐπ’
668 1935 814 2002 ἄνθη
863 1936 1167 2002 καβαίνων,
1216 1933 1248 1986 ἃ
1288 1935 1360 2002 μή
1399 1955 1490 2000 μοι
1530 1936 1712 2003 θίγῃς,
1752 1943 1825 1986 τῶ

1276 2018 1632 2085 κυπαιρίσκω.

321 2097 407 2164 (7)
433 2097 786 2164 Δεδηλώσθω
822 2098 882 2150 δὲ
915 2098 998 2150 ὅτι
1031 2095 1122 2149 καὶ
1157 2098 1258 2149 ὅλα
1284 2095 1493 2167 ᾄσματα
1518 2097 1743 2165 κρητικοὶ
1770 2110 1902 2148 συν-

210 2180 447 2244 τίθεται,
497 2179 677 2246 ὥσπερ
725 2178 816 2231 καὶ
864 2180 1010 2248 παρὰ
1056 2179 1371 2248 Βακχυλίδῃ
1425 2175 1682 2248 (31--16
1722 2175 1899 2248 Blass)

359 2255 399 2310 ὦ
453 2260 770 2328 Περικλειτὲ
826 2262 964 2312 δᾶλα
1018 2259 1314 2328 ἀγνοήσειν
1371 2257 1472 2326 μὲν
1525 2260 1591 2311 οὔ
1643 2258 1690 2311 σ’
1741 2256 1826 2311 ἕλ-

1276 2358 1468 2410 πομαι·

331 2484 351 2520 1
389 2476 458 2530 οἶς
490 2480 523 2521 Ι
573 2482 578 2534 1
636 2479 774 2522 verba
818 2485 838 2521 1
874 2480 1079 2523 ἔσθ-2
1114 2478 1330 2536 κέχρηται,
1371 2478 1569 2523 delenda
1609 2481 1692 2522 aut
1730 2480 1836 2535 post
1874 2483 1899 2521 3

211 2538 427 2591 ponenda
459 2538 640 2582 censuit
672 2538 878 2581 Studem.
920 2540 934 2594 ΙΙ
982 2543 1006 2580 2
1040 2536 1433 2593 παρατελευταίου
1468 2540 1498 2580 Ι
1539 2540 1552 2594 ΙΙ
1600 2543 1624 2580 9
1658 2539 1776 2592 τρισὶ
1809 2537 1898 2580 del.

212 2596 411 2639 Skutsch
450 2599 464 2652 Η
506 2602 558 2640 15
593 2595 859 2654 ἑξαμέτρου]
892 2597 982 2640 litt.
1019 2596 1063 2649 ἐξ
1096 2597 1145 2639 in
1178 2599 1222 2641 A
1254 2598 1302 2640 in
1335 2611 1510 2650 rasura,
1542 2598 1591 2639 in
1624 2610 1716 2652 qua
1747 2596 1900 2639 fuerat

212 2671 343 2707 τετρα
369 2658 382 2711 Η
410 2661 462 2698 16
496 2657 576 2698 δια
608 2656 659 2699 τὸ
684 2656 734 2699 τὸ
761 2658 795 2699 I
798 2658 853 2699 H
858 2691 867 2709 ‚
901 2656 1031 2699 alter.
1058 2656 1109 2700 τὸ
1135 2671 1222 2699 om.
1247 2658 1291 2700 A
1315 2658 1328 2712 ΙΙ
1356 2661 1406 2699 17
1434 2657 1649 2699 lacunam
1674 2655 1899 2707 indicavi3

212 2714 450 2757 intercidit
481 2729 669 2769 nomen3
703 2716 842 2758 verba
882 2715 931 2758 τὸ
971 2719 1069 2758 καλ.
1105 2716 1193 2759 del.
1227 2715 1436 2771 Westph.
1493 2717 1507 2771 ΙΙ
1562 2719 1617 2757 20
1649 2722 1760 2763 παῖς
1792 2713 1898 2758 add.

212 2801 405 2857 Bentley
435 2805 439 2858 ι
467 2777 667 2847 minos?
685 2804 730 2847 A
761 2805 774 2859 Η
807 2808 859 2845 21
897 2802 1023 2859 ἄνθη
1058 2805 1128 2858 Η,
1162 2803 1315 2859 &vans
1346 2805 1412 2857 Α,
1445 2806 1598 2858 ανθης
1629 2804 1663 2846 1
1697 2805 1710 2858 Η
1751 2807 1804 2844 22
1838 2810 1899 2846 τῶ

211 2859 519 2915 κυπαιρίσκωι
552 2865 595 2905 A
631 2865 644 2918 Η
681 2868 735 2905 24
770 2860 1067 2919 βακχυλλίδηι
1102 2864 1145 2906 A
1188 2865 1201 2918 Η
1245 2868 1300 2907 25
1333 2866 1450 2908 δᾶλα
1483 2861 1686 2917 Wilam.‚
1720 2858 1767 2904 δ’
1797 2859 1894 2904 ἄλλ’

211 2920 359 2974 codd„
394 2919 658 2975 Περίκλειτε
690 2919 815 2964 τᾶλλ’
852 2921 1005 2978 Bergk
