<?xml version="1.0" encoding="UTF-8"?>
<!DOCTYPE html PUBLIC "-//W3C//DTD XHTML 1.0 Transitional//EN"
    "http://www.w3.org/TR/xhtml1/DTD/xhtml1-transitional.dtd">
<html xmlns="http://www.w3.org/1999/xhtml" xml:lang="en" lang="en">
 <head>
  <title>
</title>
<meta http-equiv="Content-Type" content="text/html;charset=utf-8" />
  <meta name='ocr-system' content='tesseract 3.04.00' />
  <meta name='ocr-capabilities' content='ocr_page ocr_carea ocr_par ocr_line ocrx_word'/>
</head>
<body>
  <div class='ocr_page' id='page_1' title='image "./hephaestionisenc00hephuoft_0022.png"; bbox 0 0 2090 3158; ppageno 0'>
   <div class='ocr_carea' id='block_1_1' title="bbox 223 157 1235 201">
    <p class='ocr_par' dir='ltr' id='par_1_1' title="bbox 223 157 1235 201">
     <span class='ocr_line' id='line_1_1' title="bbox 223 157 1235 201; baseline -0.003 0"><span class='ocrx_word' id='word_1_1' title='bbox 223 158 308 201; x_wconf 92' lang='lat' dir='ltr'>XX</span> <span class='ocrx_word' id='word_1_2' title='bbox 903 157 1235 199; x_wconf 85' lang='lat' dir='ltr'><strong>PRAEFATIO</strong></span> 
     </span>
    </p>
   </div>
   <div class='ocr_carea' id='block_1_2' title="bbox 220 295 1915 1820">
    <p class='ocr_par' dir='ltr' id='par_1_2' title="bbox 222 295 1915 1230">
     <span class='ocr_line' id='line_1_2' title="bbox 224 295 1912 358; baseline 0 -14"><span class='ocrx_word' id='word_1_3' title='bbox 224 298 436 346; x_wconf 90' lang='lat' dir='ltr'>aliorum</span> <span class='ocrx_word' id='word_1_4' title='bbox 475 297 680 344; x_wconf 91' lang='lat' dir='ltr'>arbitrio</span> <span class='ocrx_word' id='word_1_5' title='bbox 713 298 1013 358; x_wconf 70' lang='lat' dir='ltr'><strong>permittam.</strong></span> <span class='ocrx_word' id='word_1_6' title='bbox 1075 295 1150 343; x_wconf 87' lang='lat' dir='ltr'>De</span> <span class='ocrx_word' id='word_1_7' title='bbox 1183 295 1434 343; x_wconf 88' lang='lat' dir='ltr'>Trichae</span> <span class='ocrx_word' id='word_1_8' title='bbox 1466 296 1760 357; x_wconf 82' lang='lat' dir='ltr'>paraphrasi</span> <span class='ocrx_word' id='word_1_9' title='bbox 1791 298 1912 344; x_wconf 87' lang='lat' dir='ltr'>satis</span> 
     </span>
     <span class='ocr_line' id='line_1_3' title="bbox 222 369 1912 432; baseline -0.002 -13"><span class='ocrx_word' id='word_1_10' title='bbox 222 371 430 419; x_wconf 84' lang='lat' dir='ltr'>verbosa</span> <span class='ocrx_word' id='word_1_11' title='bbox 475 371 609 418; x_wconf 86' lang='lat' dir='ltr'>infra</span> <span class='ocrx_word' id='word_1_12' title='bbox 655 371 932 419; x_wconf 70' lang='lat' dir='ltr'>accuratius</span> <span class='ocrx_word' id='word_1_13' title='bbox 982 385 1149 432; x_wconf 90' lang='lat' dir='ltr'>agam,</span> <span class='ocrx_word' id='word_1_14' title='bbox 1195 371 1415 417; x_wconf 91' lang='lat' dir='ltr'>ceterum</span> <span class='ocrx_word' id='word_1_15' title='bbox 1459 370 1683 418; x_wconf 82' lang='lat' dir='ltr'>homines</span> <span class='ocrx_word' id='word_1_16' title='bbox 1721 369 1912 431; x_wconf 81' lang='lat' dir='ltr'>Byzan-</span> 
     </span>
     <span class='ocr_line' id='line_1_4' title="bbox 223 438 1914 510; baseline -0.001 -18"><span class='ocrx_word' id='word_1_17' title='bbox 223 438 370 510; x_wconf 68' lang='lat' dir='ltr'>tinil)</span> <span class='ocrx_word' id='word_1_18' title='bbox 426 445 563 492; x_wconf 87' lang='lat' dir='ltr'>velut</span> <span class='ocrx_word' id='word_1_19' title='bbox 608 443 950 491; x_wconf 86' lang='lat' dir='ltr'>Demetrius</span> <span class='ocrx_word' id='word_1_20' title='bbox 998 443 1352 504; x_wconf 83' lang='lat' dir='ltr'>Triclinius‚</span> <span class='ocrx_word' id='word_1_21' title='bbox 1409 443 1624 492; x_wconf 86' lang='lat' dir='ltr'>Thomas</span> <span class='ocrx_word' id='word_1_22' title='bbox 1673 444 1914 507; x_wconf 76' lang='lat' dir='ltr'>Magister</span> 
     </span>
     <span class='ocr_line' id='line_1_5' title="bbox 225 516 1913 580; baseline -0.001 -14"><span class='ocrx_word' id='word_1_23' title='bbox 225 520 334 578; x_wconf 83' lang='lat' dir='ltr'>alii,</span> <span class='ocrx_word' id='word_1_24' title='bbox 384 520 433 566; x_wconf 89' lang='lat' dir='ltr'>et</span> <span class='ocrx_word' id='word_1_25' title='bbox 478 518 531 564; x_wconf 93' lang='lat' dir='ltr'>in</span> <span class='ocrx_word' id='word_1_26' title='bbox 577 519 791 580; x_wconf 90' lang='lat' dir='ltr'>propriis</span> <span class='ocrx_word' id='word_1_27' title='bbox 830 516 1198 579; x_wconf 76' lang='lat' dir='ltr'>scriptiunculis</span> <span class='ocrx_word' id='word_1_28' title='bbox 1237 518 1287 564; x_wconf 91' lang='lat' dir='ltr'>et</span> <span class='ocrx_word' id='word_1_29' title='bbox 1324 517 1377 563; x_wconf 92' lang='lat' dir='ltr'>in</span> <span class='ocrx_word' id='word_1_30' title='bbox 1415 519 1675 578; x_wconf 86' lang='lat' dir='ltr'>poetarum</span> <span class='ocrx_word' id='word_1_31' title='bbox 1715 517 1913 566; x_wconf 86' lang='lat' dir='ltr'>scholiis</span> 
     </span>
     <span class='ocr_line' id='line_1_6' title="bbox 226 591 1912 652; baseline -0.001 -12"><span class='ocrx_word' id='word_1_32' title='bbox 226 592 586 640; x_wconf 87' lang='lat' dir='ltr'>conscribendis</span> <span class='ocrx_word' id='word_1_33' title='bbox 627 591 1012 652; x_wconf 74' lang='lat' dir='ltr'>Hephaestionis</span> <span class='ocrx_word' id='word_1_34' title='bbox 1053 592 1220 651; x_wconf 91' lang='lat' dir='ltr'>copias</span> <span class='ocrx_word' id='word_1_35' title='bbox 1260 606 1454 651; x_wconf 88' lang='lat' dir='ltr'>semper</span> <span class='ocrx_word' id='word_1_36' title='bbox 1491 591 1735 638; x_wconf 89' lang='lat' dir='ltr'>adierunt.</span> <span class='ocrx_word' id='word_1_37' title='bbox 1809 591 1912 639; x_wconf 86' lang='lat' dir='ltr'>Mo-</span> 
     </span>
     <span class='ocr_line' id='line_1_7' title="bbox 223 658 1914 731; baseline 0 -19"><span class='ocrx_word' id='word_1_38' title='bbox 223 668 400 713; x_wconf 90' lang='lat' dir='ltr'>nuerat</span> <span class='ocrx_word' id='word_1_39' title='bbox 439 668 536 712; x_wconf 91' lang='lat' dir='ltr'>iam</span> <span class='ocrx_word' id='word_1_40' title='bbox 575 665 937 713; x_wconf 84' lang='lat' dir='ltr'>Choeroboscus</span> <span class='ocrx_word' id='word_1_41' title='bbox 973 659 1041 731; x_wconf 84' lang='lat' dir='ltr'>(p.</span> <span class='ocrx_word' id='word_1_42' title='bbox 1072 665 1192 725; x_wconf 83' lang='lat'>182,</span> <span class='ocrx_word' id='word_1_43' title='bbox 1219 658 1362 730; x_wconf 87' lang='lat' dir='ltr'>5sq.)</span> <span class='ocrx_word' id='word_1_44' title='bbox 1403 662 1578 727; x_wconf 80' lang='grc' dir='ltr'><em>ὤφειλε</em></span> <span class='ocrx_word' id='word_1_45' title='bbox 1617 662 1669 712; x_wconf 82' lang='grc' dir='ltr'>δὲ</span> <span class='ocrx_word' id='word_1_46' title='bbox 1707 664 1914 730; x_wconf 82' lang='grc' dir='ltr'><strong><em>προτάτ-</em></strong></span> 
     </span>
     <span class='ocr_line' id='line_1_8' title="bbox 223 735 1914 804; baseline 0.001 -17"><span class='ocrx_word' id='word_1_47' title='bbox 223 743 394 787; x_wconf 80' lang='grc' dir='ltr'><strong><em>τεσθαι</em></strong></span> <span class='ocrx_word' id='word_1_48' title='bbox 441 738 492 788; x_wconf 86' lang='grc' dir='ltr'>τὸ</span> <span class='ocrx_word' id='word_1_49' title='bbox 540 738 700 804; x_wconf 82' lang='grc' dir='ltr'>παρὸν</span> <span class='ocrx_word' id='word_1_50' title='bbox 747 737 1063 803; x_wconf 76' lang='grc' dir='ltr'><em>σύγγραμμα,</em></span> <span class='ocrx_word' id='word_1_51' title='bbox 1110 736 1176 796; x_wconf 80' lang='grc' dir='ltr'>ὥς</span> <span class='ocrx_word' id='word_1_52' title='bbox 1222 735 1348 796; x_wconf 81' lang='grc' dir='ltr'><em>τινές</em></span> <span class='ocrx_word' id='word_1_53' title='bbox 1395 752 1542 802; x_wconf 76' lang='grc' dir='ltr'><em>φασι,</em></span> <span class='ocrx_word' id='word_1_54' title='bbox 1595 738 1690 803; x_wconf 80' lang='grc' dir='ltr'>πρὸ</span> <span class='ocrx_word' id='word_1_55' title='bbox 1729 737 1914 797; x_wconf 83' lang='grc' dir='ltr'><strong>παντὸς</strong></span> 
     </span>
     <span class='ocr_line' id='line_1_9' title="bbox 223 811 1912 878; baseline -0.001 -17"><span class='ocrx_word' id='word_1_56' title='bbox 223 811 458 877; x_wconf 80' lang='grc' dir='ltr'><strong><em>ἐμμέτρου</em></strong></span> <span class='ocrx_word' id='word_1_57' title='bbox 514 813 898 878; x_wconf 76' lang='grc' dir='ltr'><em>συγγράμματος.</em></span> <span class='ocrx_word' id='word_1_58' title='bbox 983 812 1124 859; x_wconf 85' lang='lat' dir='ltr'>Nihil</span> <span class='ocrx_word' id='word_1_59' title='bbox 1173 815 1342 860; x_wconf 89' lang='lat' dir='ltr'>tamen</span> <span class='ocrx_word' id='word_1_60' title='bbox 1388 829 1445 859; x_wconf 87' lang='lat' dir='ltr'>ex</span> <span class='ocrx_word' id='word_1_61' title='bbox 1492 828 1661 860; x_wconf 88' lang='lat' dir='ltr'>eorum</span> <span class='ocrx_word' id='word_1_62' title='bbox 1715 814 1912 873; x_wconf 87' lang='lat' dir='ltr'>scriptis</span> 
     </span>
     <span class='ocr_line' id='line_1_10' title="bbox 222 886 1913 947; baseline 0 -12"><span class='ocrx_word' id='word_1_63' title='bbox 222 888 483 935; x_wconf 84' lang='lat' dir='ltr'>lucramur.</span> <span class='ocrx_word' id='word_1_64' title='bbox 563 887 734 934; x_wconf 88' lang='lat' dir='ltr'>Tertia</span> <span class='ocrx_word' id='word_1_65' title='bbox 781 888 914 933; x_wconf 92' lang='lat' dir='ltr'>enim</span> <span class='ocrx_word' id='word_1_66' title='bbox 961 903 1110 947; x_wconf 87' lang='lat' dir='ltr'>quam</span> <span class='ocrx_word' id='word_1_67' title='bbox 1166 889 1311 934; x_wconf 90' lang='lat' dir='ltr'>antea</span> <span class='ocrx_word' id='word_1_68' title='bbox 1361 886 1710 947; x_wconf 85' lang='lat' dir='ltr'>descripsimus</span> <span class='ocrx_word' id='word_1_69' title='bbox 1759 887 1913 935; x_wconf 84' lang='lat' dir='ltr'>classe</span> 
     </span>
     <span class='ocr_line' id='line_1_11' title="bbox 224 960 1913 1022; baseline 0 -15"><span class='ocrx_word' id='word_1_70' title='bbox 224 977 377 1022; x_wconf 90' lang='lat' dir='ltr'>eaque</span> <span class='ocrx_word' id='word_1_71' title='bbox 417 962 631 1021; x_wconf 87' lang='lat' dir='ltr'>pessima</span> <span class='ocrx_word' id='word_1_72' title='bbox 660 962 740 1008; x_wconf 91' lang='lat' dir='ltr'>usi</span> <span class='ocrx_word' id='word_1_73' title='bbox 779 960 842 1007; x_wconf 91' lang='lat' dir='ltr'>ad</span> <span class='ocrx_word' id='word_1_74' title='bbox 881 960 1143 1007; x_wconf 89' lang='lat' dir='ltr'>arbitrium</span> <span class='ocrx_word' id='word_1_75' title='bbox 1180 962 1376 1008; x_wconf 88' lang='lat' dir='ltr'>metrici</span> <span class='ocrx_word' id='word_1_76' title='bbox 1407 960 1556 1008; x_wconf 87' lang='lat' dir='ltr'>verba</span> <span class='ocrx_word' id='word_1_77' title='bbox 1589 960 1913 1008; x_wconf 89' lang='lat' dir='ltr'>detorserunt.</span> 
     </span>
     <span class='ocr_line' id='line_1_12' title="bbox 222 1035 1912 1096; baseline 0.001 -15"><span class='ocrx_word' id='word_1_78' title='bbox 222 1035 360 1081; x_wconf 88' lang='lat' dir='ltr'>Idem</span> <span class='ocrx_word' id='word_1_79' title='bbox 398 1035 532 1082; x_wconf 88' lang='lat' dir='ltr'>valet</span> <span class='ocrx_word' id='word_1_80' title='bbox 572 1035 631 1082; x_wconf 91' lang='lat' dir='ltr'>de</span> <span class='ocrx_word' id='word_1_81' title='bbox 670 1035 920 1096; x_wconf 89' lang='lat' dir='ltr'>plerisque</span> <span class='ocrx_word' id='word_1_82' title='bbox 961 1037 1263 1095; x_wconf 74' lang='lat' dir='ltr'>excerptis</span> <span class='ocrx_word' id='word_1_83' title='bbox 1305 1050 1433 1095; x_wconf 87' lang='lat' dir='ltr'>quae</span> <span class='ocrx_word' id='word_1_84' title='bbox 1471 1035 1658 1095; x_wconf 90' lang='lat' dir='ltr'>passim</span> <span class='ocrx_word' id='word_1_85' title='bbox 1696 1035 1749 1081; x_wconf 88' lang='lat' dir='ltr'>in</span> <span class='ocrx_word' id='word_1_86' title='bbox 1781 1035 1912 1082; x_wconf 89' lang='lat' dir='ltr'>codi-</span> 
     </span>
     <span class='ocr_line' id='line_1_13' title="bbox 223 1108 1915 1170; baseline 0 -14"><span class='ocrx_word' id='word_1_87' title='bbox 223 1109 360 1156; x_wconf 90' lang='lat' dir='ltr'>cibus</span> <span class='ocrx_word' id='word_1_88' title='bbox 408 1110 594 1169; x_wconf 89' lang='lat' dir='ltr'>scripta</span> <span class='ocrx_word' id='word_1_89' title='bbox 645 1110 781 1167; x_wconf 77' lang='lat' dir='ltr'>sunt,</span> <span class='ocrx_word' id='word_1_90' title='bbox 832 1124 1042 1169; x_wconf 90' lang='lat' dir='ltr'>quorum</span> <span class='ocrx_word' id='word_1_91' title='bbox 1081 1109 1214 1170; x_wconf 92' lang='lat' dir='ltr'>quod</span> <span class='ocrx_word' id='word_1_92' title='bbox 1251 1110 1496 1169; x_wconf 89' lang='lat' dir='ltr'>optimum</span> <span class='ocrx_word' id='word_1_93' title='bbox 1533 1108 1658 1155; x_wconf 86' lang='lat' dir='ltr'>mihi</span> <span class='ocrx_word' id='word_1_94' title='bbox 1695 1110 1915 1156; x_wconf 86' lang='lat' dir='ltr'>innotuit</span> 
     </span>
     <span class='ocr_line' id='line_1_14' title="bbox 225 1182 1804 1230; baseline -0.001 -1"><span class='ocrx_word' id='word_1_95' title='bbox 225 1198 281 1229; x_wconf 83' lang='lat' dir='ltr'>ex</span> <span class='ocrx_word' id='word_1_96' title='bbox 321 1182 483 1230; x_wconf 82' lang='lat' dir='ltr'>codice</span> <span class='ocrx_word' id='word_1_97' title='bbox 524 1182 678 1230; x_wconf 86' lang='lat' dir='ltr'>Paris.</span> <span class='ocrx_word' id='word_1_98' title='bbox 714 1183 854 1230; x_wconf 82' lang='lat'>2881</span> <span class='ocrx_word' id='word_1_99' title='bbox 898 1182 1055 1229; x_wconf 90' lang='lat' dir='ltr'>bonae</span> <span class='ocrx_word' id='word_1_100' title='bbox 1094 1185 1242 1230; x_wconf 88' lang='lat' dir='ltr'>notae</span> <span class='ocrx_word' id='word_1_101' title='bbox 1282 1182 1582 1230; x_wconf 83' lang='lat' dir='ltr'>exarandum</span> <span class='ocrx_word' id='word_1_102' title='bbox 1623 1184 1804 1230; x_wconf 86' lang='lat' dir='ltr'>curavi.</span> 
     </span>
    </p>

    <p class='ocr_par' dir='ltr' id='par_1_3' title="bbox 220 1256 1914 1820">
     <span class='ocr_line' id='line_1_15' title="bbox 334 1256 1914 1317; baseline 0.001 -15"><span class='ocrx_word' id='word_1_103' title='bbox 334 1257 502 1303; x_wconf 86' lang='lat' dir='ltr'>Etiam</span> <span class='ocrx_word' id='word_1_104' title='bbox 541 1256 897 1317; x_wconf 86' lang='lat' dir='ltr'>posterioribus</span> <span class='ocrx_word' id='word_1_105' title='bbox 936 1256 1240 1317; x_wconf 87' lang='lat' dir='ltr'>temporibus</span> <span class='ocrx_word' id='word_1_106' title='bbox 1275 1258 1385 1304; x_wconf 87' lang='lat' dir='ltr'>tota</span> <span class='ocrx_word' id='word_1_107' title='bbox 1423 1258 1675 1304; x_wconf 86' lang='lat' dir='ltr'>institutio</span> <span class='ocrx_word' id='word_1_108' title='bbox 1708 1258 1914 1304; x_wconf 89' lang='lat' dir='ltr'>metrica</span> 
     </span>
     <span class='ocr_line' id='line_1_16' title="bbox 223 1329 1912 1392; baseline 0.001 -15"><span class='ocrx_word' id='word_1_109' title='bbox 223 1332 276 1377; x_wconf 90' lang='lat' dir='ltr'>in</span> <span class='ocrx_word' id='word_1_110' title='bbox 314 1330 679 1391; x_wconf 86' lang='lat' dir='ltr'>Hephaestione</span> <span class='ocrx_word' id='word_1_111' title='bbox 726 1330 994 1378; x_wconf 87' lang='lat' dir='ltr'>nitebatur.</span> <span class='ocrx_word' id='word_1_112' title='bbox 1071 1329 1210 1378; x_wconf 89' lang='lat' dir='ltr'>Inter</span> <span class='ocrx_word' id='word_1_113' title='bbox 1251 1346 1332 1378; x_wconf 88' lang='lat' dir='ltr'>eos</span> <span class='ocrx_word' id='word_1_114' title='bbox 1379 1331 1532 1378; x_wconf 85' lang='lat' dir='ltr'>libros</span> <span class='ocrx_word' id='word_1_115' title='bbox 1574 1332 1660 1392; x_wconf 88' lang='lat' dir='ltr'>qui</span> <span class='ocrx_word' id='word_1_116' title='bbox 1699 1329 1912 1391; x_wconf 87' lang='lat' dir='ltr'>discipu-</span> 
     </span>
     <span class='ocr_line' id='line_1_17' title="bbox 223 1398 1912 1470; baseline 0.001 -20"><span class='ocrx_word' id='word_1_117' title='bbox 223 1404 384 1451; x_wconf 92' lang='lat' dir='ltr'>lorum</span> <span class='ocrx_word' id='word_1_118' title='bbox 430 1404 658 1452; x_wconf 89' lang='lat' dir='ltr'>manibus</span> <span class='ocrx_word' id='word_1_119' title='bbox 706 1405 935 1451; x_wconf 90' lang='lat' dir='ltr'>teruntur</span> <span class='ocrx_word' id='word_1_120' title='bbox 976 1402 1411 1452; x_wconf 79' lang='lat' dir='ltr'>Constantinus</span> <span class='ocrx_word' id='word_1_121' title='bbox 1452 1398 1784 1470; x_wconf 77' lang='lat' dir='ltr'>Lascaris2)</span> <span class='ocrx_word' id='word_1_122' title='bbox 1824 1421 1912 1451; x_wconf 91' lang='lat' dir='ltr'>nu-</span> 
     </span>
     <span class='ocr_line' id='line_1_18' title="bbox 222 1472 1913 1543; baseline 0 -17"><span class='ocrx_word' id='word_1_123' title='bbox 222 1480 382 1526; x_wconf 87' lang='lat' dir='ltr'>merat</span> <span class='ocrx_word' id='word_1_124' title='bbox 428 1476 484 1524; x_wconf 83' lang='grc' dir='ltr'>τὰ</span> <span class='ocrx_word' id='word_1_125' title='bbox 529 1476 639 1541; x_wconf 78' lang='grc' dir='ltr'><em>περὶ</em></span> <span class='ocrx_word' id='word_1_126' title='bbox 686 1475 872 1543; x_wconf 79' lang='grc' dir='ltr'><em>μέτρων</em></span> <span class='ocrx_word' id='word_1_127' title='bbox 912 1476 1129 1543; x_wconf 79' lang='grc' dir='ltr'><em>διάφορα</em></span> <span class='ocrx_word' id='word_1_128' title='bbox 1177 1475 1258 1525; x_wconf 83' lang='grc' dir='ltr'>καὶ</span> <span class='ocrx_word' id='word_1_129' title='bbox 1305 1476 1363 1524; x_wconf 84' lang='grc' dir='ltr'>τὰ</span> <span class='ocrx_word' id='word_1_130' title='bbox 1409 1484 1494 1525; x_wconf 83' lang='grc' dir='ltr'>τοῦ</span> <span class='ocrx_word' id='word_1_131' title='bbox 1535 1472 1913 1539; x_wconf 46' lang='grc' dir='ltr'><strong><em>(Ηφαιστίωνος.</em></strong></span> 
     </span>
     <span class='ocr_line' id='line_1_19' title="bbox 224 1552 1914 1614; baseline 0.001 -16"><span class='ocrx_word' id='word_1_132' title='bbox 224 1552 448 1613; x_wconf 88' lang='lat' dir='ltr'>Denique</span> <span class='ocrx_word' id='word_1_133' title='bbox 488 1552 549 1599; x_wconf 91' lang='lat' dir='ltr'>ab</span> <span class='ocrx_word' id='word_1_134' title='bbox 588 1552 957 1613; x_wconf 83' lang='lat' dir='ltr'>Hephaestione</span> <span class='ocrx_word' id='word_1_135' title='bbox 997 1553 1199 1613; x_wconf 89' lang='lat' dir='ltr'>eiusque</span> <span class='ocrx_word' id='word_1_136' title='bbox 1239 1552 1440 1599; x_wconf 83' lang='lat' dir='ltr'>scholiis</span> <span class='ocrx_word' id='word_1_137' title='bbox 1480 1553 1582 1599; x_wconf 85' lang='lat' dir='ltr'>fere</span> <span class='ocrx_word' id='word_1_138' title='bbox 1620 1553 1756 1599; x_wconf 91' lang='lat' dir='ltr'>totus</span> <span class='ocrx_word' id='word_1_139' title='bbox 1795 1568 1914 1614; x_wconf 91' lang='lat' dir='ltr'>pen-</span> 
     </span>
     <span class='ocr_line' id='line_1_20' title="bbox 225 1619 1913 1692; baseline 0.001 -21"><span class='ocrx_word' id='word_1_140' title='bbox 225 1626 308 1672; x_wconf 87' lang='lat' dir='ltr'>det</span> <span class='ocrx_word' id='word_1_141' title='bbox 347 1619 680 1691; x_wconf 57' lang='lat' dir='ltr'>Micyllus-²³)</span> <span class='ocrx_word' id='word_1_142' title='bbox 723 1619 807 1692; x_wconf 74' lang='lat' dir='ltr'>(de</span> <span class='ocrx_word' id='word_1_143' title='bbox 853 1642 906 1673; x_wconf 92' lang='lat' dir='ltr'>re</span> <span class='ocrx_word' id='word_1_144' title='bbox 954 1627 1171 1675; x_wconf 87' lang='lat' dir='ltr'>metrica.</span> <span class='ocrx_word' id='word_1_145' title='bbox 1223 1626 1450 1674; x_wconf 81' lang='lat' dir='ltr'>Francos.</span> <span class='ocrx_word' id='word_1_146' title='bbox 1489 1619 1680 1691; x_wconf 81' lang='lat'>1539),</span> <span class='ocrx_word' id='word_1_147' title='bbox 1729 1625 1814 1674; x_wconf 92' lang='lat' dir='ltr'>sed</span> <span class='ocrx_word' id='word_1_148' title='bbox 1851 1642 1913 1673; x_wconf 90' lang='lat' dir='ltr'>ne</span> 
     </span>
     <span class='ocr_line' id='line_1_21' title="bbox 223 1699 1913 1761; baseline 0 -15"><span class='ocrx_word' id='word_1_149' title='bbox 223 1701 338 1746; x_wconf 89' lang='lat' dir='ltr'>huic</span> <span class='ocrx_word' id='word_1_150' title='bbox 379 1700 575 1760; x_wconf 88' lang='lat' dir='ltr'>quidem</span> <span class='ocrx_word' id='word_1_151' title='bbox 613 1699 820 1747; x_wconf 87' lang='lat' dir='ltr'>meliora</span> <span class='ocrx_word' id='word_1_152' title='bbox 860 1715 1010 1760; x_wconf 89' lang='lat' dir='ltr'>quam</span> <span class='ocrx_word' id='word_1_153' title='bbox 1049 1699 1340 1761; x_wconf 83' lang='lat' dir='ltr'>Byzantinis</span> <span class='ocrx_word' id='word_1_154' title='bbox 1385 1703 1584 1760; x_wconf 89' lang='lat' dir='ltr'>praesto</span> <span class='ocrx_word' id='word_1_155' title='bbox 1624 1701 1775 1747; x_wconf 86' lang='lat' dir='ltr'>fuisse</span> <span class='ocrx_word' id='word_1_156' title='bbox 1815 1715 1913 1747; x_wconf 90' lang='lat' dir='ltr'>non</span> 
     </span>
     <span class='ocr_line' id='line_1_22' title="bbox 220 1789 475 1820; baseline 0 0"><span class='ocrx_word' id='word_1_157' title='bbox 220 1789 475 1820; x_wconf 79' lang='lat' dir='ltr'>miramur.</span> 
     </span>
    </p>
   </div>
   <div class='ocr_carea' id='block_1_3' title="bbox 330 1954 1807 2011">
    <p class='ocr_par' dir='ltr' id='par_1_4' title="bbox 330 1954 1807 2011">
     <span class='ocr_line' id='line_1_23' title="bbox 330 1954 1807 2011; baseline 0.001 -14"><span class='ocrx_word' id='word_1_158' title='bbox 330 1954 410 1998; x_wconf 88' lang='lat' dir='ltr'>IV</span> <span class='ocrx_word' id='word_1_159' title='bbox 463 1955 544 1998; x_wconf 88' lang='lat' dir='ltr'>De</span> <span class='ocrx_word' id='word_1_160' title='bbox 585 1954 998 2011; x_wconf 85' lang='lat' dir='ltr'>appendicibus</span> <span class='ocrx_word' id='word_1_161' title='bbox 1036 1954 1375 2008; x_wconf 83' lang='lat' dir='ltr'>Dionysiaca</span> <span class='ocrx_word' id='word_1_162' title='bbox 1415 1956 1472 1998; x_wconf 82' lang='lat' dir='ltr'>et</span> <span class='ocrx_word' id='word_1_163' title='bbox 1509 1954 1807 1999; x_wconf 81' lang='lat' dir='ltr'>rhetorica.</span> 
     </span>
    </p>
   </div>
   <div class='ocr_carea' id='block_1_4' title="bbox 226 2053 1914 2412">
    <p class='ocr_par' dir='ltr' id='par_1_5' title="bbox 226 2053 1914 2412">
     <span class='ocr_line' id='line_1_24' title="bbox 339 2053 1911 2115; baseline 0 -15"><span class='ocrx_word' id='word_1_164' title='bbox 339 2053 457 2100; x_wconf 89' lang='lat' dir='ltr'>Tres</span> <span class='ocrx_word' id='word_1_165' title='bbox 505 2054 645 2101; x_wconf 90' lang='lat' dir='ltr'>nobis</span> <span class='ocrx_word' id='word_1_166' title='bbox 698 2069 951 2114; x_wconf 90' lang='lat' dir='ltr'>superesse</span> <span class='ocrx_word' id='word_1_167' title='bbox 991 2054 1230 2101; x_wconf 85' lang='lat' dir='ltr'>editiones</span> <span class='ocrx_word' id='word_1_168' title='bbox 1270 2054 1389 2101; x_wconf 90' lang='lat' dir='ltr'>libri</span> <span class='ocrx_word' id='word_1_169' title='bbox 1427 2054 1683 2102; x_wconf 86' lang='lat' dir='ltr'>cuiusdam</span> <span class='ocrx_word' id='word_1_170' title='bbox 1721 2054 1911 2115; x_wconf 82' lang='lat' dir='ltr'>Byzan-</span> 
     </span>
     <span class='ocr_line' id='line_1_25' title="bbox 226 2127 1914 2190; baseline 0.001 -18"><span class='ocrx_word' id='word_1_171' title='bbox 226 2129 322 2173; x_wconf 86' lang='lat' dir='ltr'>tini</span> <span class='ocrx_word' id='word_1_172' title='bbox 374 2143 472 2174; x_wconf 91' lang='lat' dir='ltr'>non</span> <span class='ocrx_word' id='word_1_173' title='bbox 527 2130 642 2175; x_wconf 91' lang='lat' dir='ltr'>ante</span> <span class='ocrx_word' id='word_1_174' title='bbox 690 2127 957 2190; x_wconf 82' lang='lat' dir='ltr'>Georgium</span> <span class='ocrx_word' id='word_1_175' title='bbox 1003 2127 1223 2175; x_wconf 87' lang='lat' dir='ltr'>Pisidam</span> <span class='ocrx_word' id='word_1_176' title='bbox 1271 2129 1502 2189; x_wconf 87' lang='lat' dir='ltr'>confecti,</span> <span class='ocrx_word' id='word_1_177' title='bbox 1551 2144 1758 2190; x_wconf 91' lang='lat' dir='ltr'>quarum</span> <span class='ocrx_word' id='word_1_178' title='bbox 1812 2143 1914 2174; x_wconf 89' lang='lat' dir='ltr'>una</span> 
     </span>
     <span class='ocr_line' id='line_1_26' title="bbox 229 2199 1914 2263; baseline 0.001 -16"><span class='ocrx_word' id='word_1_179' title='bbox 229 2199 504 2248; x_wconf 84' lang='lat' dir='ltr'>efficeretur</span> <span class='ocrx_word' id='word_1_180' title='bbox 556 2202 683 2248; x_wconf 89' lang='lat' dir='ltr'>libro</span> <span class='ocrx_word' id='word_1_181' title='bbox 723 2201 769 2247; x_wconf 88' lang='lat' dir='ltr'><strong>V</strong></span> <span class='ocrx_word' id='word_1_182' title='bbox 820 2202 1118 2249; x_wconf 90' lang='lat' dir='ltr'>scholiorum</span> <span class='ocrx_word' id='word_1_183' title='bbox 1170 2202 1702 2263; x_wconf 85' lang='lat' dir='ltr'>Hephaestioneorum,</span> <span class='ocrx_word' id='word_1_184' title='bbox 1756 2202 1914 2249; x_wconf 91' lang='lat' dir='ltr'>altera</span> 
     </span>
     <span class='ocr_line' id='line_1_27' title="bbox 229 2274 1912 2337; baseline 0.002 -17"><span class='ocrx_word' id='word_1_185' title='bbox 229 2276 328 2320; x_wconf 91' lang='lat' dir='ltr'>arti</span> <span class='ocrx_word' id='word_1_186' title='bbox 366 2275 596 2336; x_wconf 86' lang='lat' dir='ltr'>Dionysii</span> <span class='ocrx_word' id='word_1_187' title='bbox 636 2276 838 2322; x_wconf 89' lang='lat' dir='ltr'>Thracis</span> <span class='ocrx_word' id='word_1_188' title='bbox 880 2276 1141 2323; x_wconf 89' lang='lat' dir='ltr'>subiuncta</span> <span class='ocrx_word' id='word_1_189' title='bbox 1182 2278 1330 2337; x_wconf 85' lang='lat' dir='ltr'>esset,</span> <span class='ocrx_word' id='word_1_190' title='bbox 1368 2278 1519 2323; x_wconf 88' lang='lat' dir='ltr'>tertia</span> <span class='ocrx_word' id='word_1_191' title='bbox 1559 2292 1669 2324; x_wconf 91' lang='lat' dir='ltr'>cum</span> <span class='ocrx_word' id='word_1_192' title='bbox 1709 2274 1912 2323; x_wconf 92' lang='lat' dir='ltr'>Hermo-</span> 
     </span>
     <span class='ocr_line' id='line_1_28' title="bbox 229 2349 1912 2412; baseline 0.002 -19"><span class='ocrx_word' id='word_1_193' title='bbox 229 2350 366 2410; x_wconf 85' lang='lat' dir='ltr'>genis</span> <span class='ocrx_word' id='word_1_194' title='bbox 408 2349 635 2410; x_wconf 89' lang='lat' dir='ltr'>operibus</span> <span class='ocrx_word' id='word_1_195' title='bbox 677 2351 951 2407; x_wconf 81' lang='lat' dir='ltr'>coniuncta,</span> <span class='ocrx_word' id='word_1_196' title='bbox 992 2365 1102 2397; x_wconf 92' lang='lat' dir='ltr'>cum</span> <span class='ocrx_word' id='word_1_197' title='bbox 1142 2352 1413 2412; x_wconf 87' lang='lat' dir='ltr'>sagacitate</span> <span class='ocrx_word' id='word_1_198' title='bbox 1447 2352 1495 2396; x_wconf 91' lang='lat' dir='ltr'>et</span> <span class='ocrx_word' id='word_1_199' title='bbox 1526 2350 1787 2412; x_wconf 89' lang='lat' dir='ltr'>diligentia</span> <span class='ocrx_word' id='word_1_200' title='bbox 1825 2365 1912 2396; x_wconf 89' lang='lat' dir='ltr'>nos</span> 
     </span>
    </p>
   </div>
   <div class='ocr_carea' id='block_1_5' title="bbox 231 2532 1912 2940">
    <p class='ocr_par' dir='ltr' id='par_1_6' title="bbox 231 2532 1912 2940">
     <span class='ocr_line' id='line_1_29' title="bbox 351 2532 1912 2590; baseline 0.001 -16"><span class='ocrx_word' id='word_1_201' title='bbox 351 2536 393 2588; x_wconf 82' lang='lat'>1&gt;</span> <span class='ocrx_word' id='word_1_202' title='bbox 438 2532 507 2575; x_wconf 91' lang='lat' dir='ltr'>De</span> <span class='ocrx_word' id='word_1_203' title='bbox 547 2533 908 2588; x_wconf 86' lang='lat' dir='ltr'>Byzantinorum</span> <span class='ocrx_word' id='word_1_204' title='bbox 956 2533 1142 2590; x_wconf 81' lang='lat' dir='ltr'>scriptis</span> <span class='ocrx_word' id='word_1_205' title='bbox 1186 2533 1241 2576; x_wconf 88' lang='lat' dir='ltr'>cf.</span> <span class='ocrx_word' id='word_1_206' title='bbox 1282 2534 1533 2590; x_wconf 89' lang='lat' dir='ltr'>praecipue</span> <span class='ocrx_word' id='word_1_207' title='bbox 1574 2533 1912 2577; x_wconf 87' lang='lat' dir='ltr'>Krumbacher:</span> 
     </span>
     <span class='ocr_line' id='line_1_30' title="bbox 232 2589 1555 2648; baseline 0.002 -15"><span class='ocrx_word' id='word_1_208' title='bbox 232 2589 393 2634; x_wconf 83' lang='lat' dir='ltr'>Gesch.</span> <span class='ocrx_word' id='word_1_209' title='bbox 429 2591 510 2634; x_wconf 89' lang='lat' dir='ltr'>der</span> <span class='ocrx_word' id='word_1_210' title='bbox 539 2590 724 2646; x_wconf 73' lang='lat' dir='ltr'>byzant.</span> <span class='ocrx_word' id='word_1_211' title='bbox 759 2592 971 2636; x_wconf 86' lang='lat' dir='ltr'>Litterat.</span> <span class='ocrx_word' id='word_1_212' title='bbox 1007 2593 1076 2635; x_wconf 91' lang='lat' dir='ltr'>ed.</span> <span class='ocrx_word' id='word_1_213' title='bbox 1105 2597 1129 2635; x_wconf 80' lang='lat'>2</span> <span class='ocrx_word' id='word_1_214' title='bbox 1162 2608 1206 2648; x_wconf 88' lang='lat' dir='ltr'>p.</span> <span class='ocrx_word' id='word_1_215' title='bbox 1235 2597 1438 2636; x_wconf 84' lang='lat'>594—98</span> <span class='ocrx_word' id='word_1_216' title='bbox 1458 2607 1555 2648; x_wconf 88' lang='lat' dir='ltr'>sqq.</span> 
     </span>
     <span class='ocr_line' id='line_1_31' title="bbox 235 2649 1912 2718; baseline 0.001 -27"><span class='ocrx_word' id='word_1_217' title='bbox 235 2708 244 2716; x_wconf 40' lang='lat'><em>⁰</em></span> <span class='ocrx_word' id='word_1_218' title='bbox 351 2653 391 2705; x_wconf 84' lang='lat'>2)</span> <span class='ocrx_word' id='word_1_219' title='bbox 417 2650 467 2691; x_wconf 91' lang='lat' dir='ltr'>In</span> <span class='ocrx_word' id='word_1_220' title='bbox 494 2651 696 2693; x_wconf 85' lang='lat' dir='ltr'>extremo</span> <span class='ocrx_word' id='word_1_221' title='bbox 721 2651 840 2694; x_wconf 90' lang='lat' dir='ltr'>libro</span> <span class='ocrx_word' id='word_1_222' title='bbox 866 2652 969 2718; x_wconf 66' lang='grc' dir='ltr'>περὶ</span> <span class='ocrx_word' id='word_1_223' title='bbox 996 2650 1224 2707; x_wconf 80' lang='grc' dir='ltr'><strong><em>ὀνόματος</em></strong></span> <span class='ocrx_word' id='word_1_224' title='bbox 1247 2653 1326 2695; x_wconf 80' lang='grc' dir='ltr'>καὶ</span> <span class='ocrx_word' id='word_1_225' title='bbox 1348 2649 1567 2708; x_wconf 78' lang='grc' dir='ltr'><em>ῥ’ήματοςς</em></span> <span class='ocrx_word' id='word_1_226' title='bbox 1594 2651 1649 2694; x_wconf 89' lang='lat' dir='ltr'>cf.</span> <span class='ocrx_word' id='word_1_227' title='bbox 1670 2651 1912 2707; x_wconf 87' lang='lat' dir='ltr'>Uhligium</span> 
     </span>
     <span class='ocr_line' id='line_1_32' title="bbox 231 2710 1912 2826; baseline 0.002 -18"><span class='ocrx_word' id='word_1_228' title='bbox 231 2723 279 2750; x_wconf 80' lang='lat'>¹¹²</span> <span class='ocrx_word' id='word_1_229' title='bbox 311 2710 1163 2823; x_wconf 43' lang='grc' dir='ltr'>Ρέῗὲῗὲἓζέὶέᾞῌῗῗῂῇθιῗὲζῗῗέἱὲ</span> <span class='ocrx_word' id='word_1_230' title='bbox 1179 2711 1912 2826; x_wconf 48' lang='lat' dir='ltr'>agssssssssdfiffil&#39;smdemundus</span> 
     </span>
     <span class='ocr_line' id='line_1_33' title="bbox 232 2824 1910 2940; baseline 0.002 -72"><span class='ocrx_word' id='word_1_231' title='bbox 232 2824 324 2927; x_wconf 40' lang='lat'>2³3}</span> <span class='ocrx_word' id='word_1_232' title='bbox 347 2826 454 2940; x_wconf 58' lang='lat' dir='ltr'>{1183ss</span> <span class='ocrx_word' id='word_1_233' title='bbox 462 2831 568 2940; x_wconf 50' lang='lat'>{9}</span> <span class='ocrx_word' id='word_1_234' title='bbox 602 2841 739 2928; x_wconf 53' lang='lat' dir='ltr'>{ggm</span> <span class='ocrx_word' id='word_1_235' title='bbox 772 2828 831 2870; x_wconf 89' lang='lat' dir='ltr'>ad</span> <span class='ocrx_word' id='word_1_236' title='bbox 862 2827 1016 2870; x_wconf 89' lang='lat' dir='ltr'>locum</span> <span class='ocrx_word' id='word_1_237' title='bbox 1048 2829 1256 2872; x_wconf 84' lang='lat' dir='ltr'>conferas</span> <span class='ocrx_word' id='word_1_238' title='bbox 1286 2827 1504 2885; x_wconf 87' lang='lat' dir='ltr'>Egenolff</span> <span class='ocrx_word' id='word_1_239' title='bbox 1530 2828 1579 2870; x_wconf 88' lang='lat' dir='ltr'>in</span> <span class='ocrx_word' id='word_1_240' title='bbox 1605 2827 1769 2870; x_wconf 89' lang='lat' dir='ltr'>Annal.</span> <span class='ocrx_word' id='word_1_241' title='bbox 1795 2827 1910 2883; x_wconf 89' lang='lat' dir='ltr'>phil.</span> 
     </span>
    </p>
   </div>
  </div>
 </body>
</html>
