2060 3168
810 145 1216 187 ΕΠΙΜΕΡῙΣΜΟΙ
1749 91 1858 195 365

626 276 683 330 ζ’.
718 277 952 321 ἰωνικὸν
983 276 1093 320 ἀπὸ
1125 274 1395 333 μείζονος.

343 348 426 395 Ἐν
458 349 505 397 δ’
534 349 707 411 ἁμερίῳ
740 351 860 407 φωτὶ
892 349 1115 407 φλέγοισα
1145 348 1268 403 ζέσιν
1298 347 1432 406 ἡλίου

345 419 440 462 Καὶ
471 418 646 477 λάβρον
678 418 897 471 ἐρύκοισα
928 424 1086 474 νεφῶν
1119 415 1428 475 ὀμβροφόρων
1460 413 1628 472 ῥοῖζον,

344 485 451 535 Χὼς
481 492 594 536 παῖς
622 484 763 539 ποκά,
793 483 961 539 πότνα,
986 481 1079 538 σός,
1112 481 1189 540 ἐφ’
1211 483 1355 540 ἅμμιν
1386 488 1769 540 τερατουργεῦσα,

612 572 675 630 η’.
711 573 946 617 ἰωνικὸν
978 570 1070 617 ἀπ’
1101 558 1452 623 ἐλάσσονος.-
1905 587 1925 620 5

345 645 554 705 Ἀπάγοις
587 647 636 692 ἐκ
668 646 923 704 κακότητος
952 653 1150 703 μογεροῦ
1182 653 1269 690 νῦν
1301 644 1484 700 πεδίου,

345 713 543 772 Λιάγοις
573 712 779 772 ἀβλαβέα
810 715 1129 758 παντοδαπῶν
1161 713 1208 765 ἐξ
1241 711 1465 767 ὀλέθρων,

340 777 559 838 Ἐνάγοις
590 781 637 832 ἐς
666 780 963 824 θαλέθοισαν
994 778 1178 837 μυρίοις
1207 786 1297 837 γᾶν
1329 780 1551 836 ἀγαθοῖς·

907 868 1118 925 μικτόν.

345 926 564 985 Ἐράοντί
595 946 674 986 μοι
704 934 903 984 ποτῆτος
1883 944 1925 976 10

345 998 545 1052 Στερεῆς
575 993 652 1050 ἄρ’
681 996 776 1039 ἀπὸ
807 994 977 1051 πέτρης

345 1059 471 1119 Πόμ’
499 1061 736 1117 ἀκήρατον
768 1063 974 1106 ὃιδοῖσα·

787 1149 861 1195 θ’.
898 1149 1232 1194 παιωνικόν.

344 1226 559 1281 Στρατὸν
591 1222 860 1281 ἀπερείσιον
892 1222 1168 1280 ἀεσσίφρον’
1198 1223 1412 1282 ἀπεχθέα

343 1291 457 1337 Αἰὲν
490 1290 756 1348 ὀλοόφρονα
786 1290 1107 1348 πονηρότατον
1140 1290 1317 1346 αἰόλον,
1882 1306 1924 1338 15

349 1358 596 1414 Τάρταρον
628 1359 676 1410 ἐς
706 1357 841 1414 εὐρέα
874 1355 1055 1418 βάλοισ’
1084 1358 1191 1414 ἐμεῦ
1223 1357 1472 1402 ἀπωτάτω·

870 1465 898 1492 κ
908 1465 932 1503 ρ
942 1465 971 1504 η
981 1464 1006 1490 τ
1015 1464 1032 1491 ι
1041 1464 1068 1491 κ
1078 1447 1102 1492 ό
1111 1464 1151 1491 ν.

336 1519 438 1566 Ἵνα
470 1539 542 1566 τοι
573 1519 693 1579 ῥύσι’
723 1519 887 1583 ᾄσαιμι
919 1522 1089 1573 σωθεὶς
1119 1519 1302 1580 βρόχων
1333 1520 1616 1575 ἀντιπάλων,

833 1611 861 1668 β
871 1628 901 1654 α
911 1628 938 1654 κ
947 1628 974 1668 χ
985 1627 1003 1655 ε
1015 1627 1032 1654 ι
1042 1627 1072 1653 α
1082 1627 1110 1654 κ
1120 1609 1144 1655 ό
1156 1628 1195 1655 ν.

341 1683 579 1740 Ἐραννὰν
609 1683 932 1741 πονησάμενος
963 1685 1111 1740 κούρα
1142 1685 1302 1740 λύραν.
1882 1700 1924 1732 20

44 1924 167 1982 (255)
686 1923 1330 1977 ΕΠΙΜΕΡΙΣΜΟΙ

610 2042 733 2084 ΤΩΝ
763 2042 1009 2084 ΜΕΤΡΩΝ
1041 2042 1164 2083 ΤΩΝ
1195 2042 1412 2084 ENNEA.

931 2159 1040 2216 Cap.
1066 2159 1099 2203 I.

732 2248 797 2292 α’.
843 2249 984 2304 Περὶ
1017 2249 1298 2307 ἰαμβικοῦ.

247 2322 250 2323 ⁷
291 2335 540 2392 Τεσσάρων
573 2336 721 2381 ὄντων
752 2343 845 2382 τῶν
878 2336 1165 2395 δισυλλάβων
1195 2341 1372 2392 ποδῶν,
1402 2334 1652 2394 πυρριχίου
1685 2335 1856 2395 ἰάμβου
1882 2350 1924 2383 25

167 2401 390 2462 τροχαίου
422 2404 502 2447 καὶ
534 2401 806 2458 σπονδείου,
845 2404 931 2448 δύο
964 2403 1100 2460 μόνοι
1130 2404 1307 2448 τούτων
1338 2402 1505 2461 μέτρον
1536 2404 1857 2458 ἀποτελοῦσιν,

169 2469 335 2528 ἴαμβος
373 2471 453 2514 καὶ
491 2477 725 2528 τροχαῖος·
767 2471 847 2514 καὶ
879 2470 903 2514 ὁ
936 2469 1019 2527 μὲν
1053 2470 1217 2528 ἴαμβος
1246 2471 1298 2514 τὸ
1332 2468 1572 2527 ἰαμβικόν,
1612 2469 1636 2513 ὁ
1670 2469 1722 2514 δὲ
1752 2486 1855 2525 τρο-

289 2608 344 2646 26
378 2602 464 2646 δύο
493 2637 530 2646 ..
552 2638 560 2645 .
586 2604 927 2647 ἀποτελεστικοὶ
959 2602 1135 2659 μέτρων
1168 2603 1327 2647 Choer.
1356 2608 1455 2656 222,
1476 2607 1528 2646 17

289 2726 314 2763 2
349 2719 646 2779 ὀμβροφόροι)
679 2722 724 2764 Ρ
765 2723 780 2777 ΙΙ
826 2729 851 2764 4
884 2721 998 2765 τόκα
1030 2723 1076 2766 Ρ
1113 2722 1120 2780 Ι
1162 2721 1311 2765 πότνα
1343 2737 1388 2778 p.
1414 2725 1514 2774 392,
1536 2726 1589 2764 12
1623 2722 1737 2775 KP,
1780 2722 1857 2765 hic

169 2778 339 2824 πότνια
374 2784 379 2836 Ι
414 2786 784 2836 τερατουργοῦσα
815 2782 861 2825 Ρ
892 2782 906 2836 ΙΙ
942 2786 967 2823 6
1002 2787 1088 2824 νῦν
1119 2781 1256 2838 Jung,
1290 2786 1346 2836 νῆ
1383 2781 1485 2824 KP
1511 2782 1526 2837 ΙΙ
1559 2785 1613 2823 14
1644 2779 1859 2836 ἀπερείσ-

158 2841 370 2942 -ἕὶιιονΚΡ
397 2841 411 2895 ΙΙ
445 2844 497 2882 16
531 2838 776 2883 κατωτάτω
809 2841 854 2884 Ρ
881 2842 896 2895 ΙΙ
927 2844 984 2882 24
1015 2841 1121 2894 περὶ
1153 2840 1380 2898 ἰαμβικῶν
1414 2841 1468 2884 K
1492 2841 1507 2896 ΙΙ
1539 2844 1594 2883 27
1626 2840 1707 2884 καὶ
1739 2839 1856 2897 (alt.)
