2060 3168
908 875 1034 946 Cap.
1059 875 1098 930 I.

603 993 768 1065 Περὶ
806 997 1028 1048 ποδῶν
1065 1006 1400 1066 μετρικῶν.

270 1115 426 1177 Πούς
487 1113 602 1168 ἐστι
663 1115 925 1183 μετρικὸν
980 1115 1230 1184 σύστημα
1290 1120 1606 1185 συλλαβῶν,
1666 1116 1695 1170 ὁ
1747 1115 1849 1184 μὲν

152 1197 365 1258 ἁπλοῦς
404 1195 463 1248 ἐκ
503 1197 605 1249 δύο
645 1195 678 1264 ἢ
717 1205 904 1264 τριῶν,
944 1195 972 1248 ὁ
1013 1193 1074 1249 δὲ
1114 1197 1386 1260 σύνθετος
1425 1197 1531 1250 ἀπὸ
1567 1200 1850 1269 τεσσάρων

156 1277 345 1347 μέχρις
383 1277 451 1341 ἕξ.
1894 1300 1914 1333 5

269 1359 455 1421 Πόδες
493 1357 638 1411 εἰσὶν
678 1358 845 1411 ἁπλοῖ
874 1355 977 1425 μὲν
1009 1359 1240 1426 δώδεκα,
1279 1353 1359 1411 ὧν
1391 1359 1718 1427 δισύλλαβοι
1750 1360 1851 1426 μὲν

150 1439 439 1508 τέσσαρες,
489 1441 849 1510 τρισύλλαβοι
890 1436 950 1491 δὲ
990 1439 1154 1507 ὀκτώ,
1193 1439 1625 1508 τετρασύλλαβοι
1666 1437 1727 1494 δὲ
1766 1440 1850 1494 ἑκ-

154 1521 398 1574 καίδεκα.

272 1603 325 1655 οἱ
365 1603 716 1669 δισύλλαβοι·

164 1684 210 1736 1.
251 1685 544 1746 σπονδεῖος
580 1682 638 1735 ἐκ
672 1684 775 1736 δύο
808 1693 1034 1752 μακρῶν
1056 1707 1087 1727 z
1110 1684 1489 1753 τετράχρονος,
1530 1677 1653 1738 οἷον
1683 1686 1851 1754 ἥρως·
1877 1709 1919 1740 10

155 1767 207 1817 2.
250 1768 540 1833 πυρρίχιος
579 1764 638 1818 ἐκ
679 1766 782 1818 δύο
823 1767 1097 1835 βραχειῶν
1127 1787 1156 1816 Q
1189 1765 1461 1835 δίχρονος,
1506 1758 1628 1819 οἷον
1667 1769 1852 1835 λόγος·

153 1846 208 1898 3.
248 1855 502 1914 τροχαῖος
534 1845 593 1898 ἐκ
624 1854 834 1915 μακρᾶς
866 1893 892 1898 -
925 1846 1015 1898 καὶ
1047 1847 1304 1915 βραχείας
1335 1878 1364 1898 ο
1393 1849 1700 1916 τρίχρονος,
1732 1841 1854 1902 οἷον

314 1930 523 1994 Ζῆθος·

152 2009 209 2061 4.
252 2010 446 2077 ἴαμβος
490 2007 547 2060 ἐκ
586 2011 842 2078 βραχείας
872 2039 903 2061 υ
933 2007 1024 2061 καὶ
1071 2016 1281 2077 μακρᾶς
1311 2055 1338 2061 -
1371 2011 1685 2078 τρίχρονος,
1731 2002 1854 2063 οἷον

313 2091 534 2142 Σόλων·
1878 2114 1918 2146 15

274 2171 326 2222 οἱ
367 2171 748 2238 τρισύλλαβοι·

160 2252 212 2304 1.
253 2252 524 2314 δάκτυλος
570 2251 629 2304 ἐκ
679 2259 887 2321 μακρᾶς
926 2299 953 2305 -
994 2250 1083 2305 καὶ
1136 2253 1238 2306 δύο
1290 2255 1563 2322 βραχειῶν
1602 2275 1631 2305 ῡ
1668 2253 1854 2320 τετρά-

310 2351 526 2401 χρονος,
567 2325 689 2385 οἷον
716 2331 932 2395 ‘Hime-

158 2414 213 2467 2.
254 2413 590 2475 ἀνάπαιστος
628 2411 688 2466 ἐκ
735 2414 838 2466 δύο
877 2416 1151 2482 βραχειῶν
1180 2437 1211 2467 0
1240 2416 1331 2468 καὶ
1370 2423 1580 2485 μακρᾶς
1611 2461 1638 2467 -
1670 2416 1855 2484 τετρά-

312 2514 511 2565 χρονος
551 2486 672 2547 οἷον
712 2494 1005 2562 Πολέμων·
1878 2519 1924 2552 20

284 2653 308 2689 ⁶2
348 2647 470 2690 hanc
510 2649 658 2690 totam
699 2647 899 2704 append.
933 2649 1004 2692 ed.
1039 2662 1094 2693 ex
1128 2649 1172 2691 B
1205 2648 1366 2704 (Paris.
1395 2653 1532 2703 1983,
1573 2649 1631 2692 de
1670 2663 1762 2705 quo
1796 2649 1853 2693 cf.

161 2705 296 2750 Stud.
329 2706 378 2748 in
410 2706 523 2749 Nov.
559 2706 710 2749 annal.
744 2706 907 2762 philol.
938 2712 1018 2750 131
1055 2708 1213 2766 [1885]
1245 2723 1290 2764 p.
1319 2710 1435 2765 753),
1470 2707 1708 2752 nonnullis
1739 2708 1855 2751 loeis

165 2768 405 2821 assumpto
432 2766 484 2809 K
505 2765 802 2818 Neu-Marc.
829 2771 914 2809 483
947 2766 1027 2810 fol.
1051 2771 1246 2821 64—673
1281 2767 1337 2810 cf.
1364 2767 1454 2810 AV
1473 2772 1540 2810 90.
1563 2770 1663 2823 166)
1692 2768 1697 2826 Ι
1729 2768 1781 2811 Κ
1807 2768 1855 2810 in

167 2838 344 2868 summo
369 2825 582 2881 margine
608 2824 787 2881 ἐγράφη
815 2825 863 2869 ἐκ
889 2828 1090 2869 παλαιοῦ
1118 2842 1244 2876 τινος
1267 2823 1471 2884 βιβλίους
1506 2826 1561 2870 cf.
1590 2839 1697 2883 app.
1719 2827 1854 2870 Dion.

165 2898 210 2939 p.
239 2887 338 2938 309,
357 2889 412 2927 20
445 2886 459 2940 ΙΙ
491 2889 516 2927 5
549 2883 724 2941 μέχρις]
758 2882 786 2939 ἢ
819 2886 863 2928 Β
887 2888 902 2940 ΙΙ
929 2889 982 2927 10
1014 2887 1123 2940 post
1154 2887 1398 2935 σπονδεῖος
1429 2885 1535 2928 add.
1570 2887 1615 2930 B
1649 2893 1679 2928 ᾶ
1710 2888 1758 2930 et
1789 2887 1856 2929 sie

160 2942 387 2998 deinceps
418 2956 634 2986 numeros
666 2943 838 2999 pedum
870 2943 1222 3000 disyllaborum,
1254 2943 1538 2999 trisyllabor.
1569 2946 1655 2988 etc.

254 3025 520 3057 flammai-10
545 3025 602 3057 ed.
622 3024 911 3058 Consbruch.
1532 3023 1586 3061 22
