2060 3168
595 178 660 219 vl
698 178 842 219 ΠΕΡΙ
872 177 1373 220 ΑΝΤῙΣΠΑΣΓΙΚΟΤ
1721 176 1836 229 389

140 305 432 364 Ἡφαιστίων
473 308 752 365 μνημονεύει
792 307 907 359 ὅλως
939 309 1154 354 τοιούτου
1184 308 1323 361 τινός.
1357 335 1412 342 -—
1445 308 1753 366 Μονόμετρον
1785 310 1836 353 δὲ

146 374 554 431 ὑπερκατάληκτόν
588 375 710 420 ἐστιν
743 372 845 419 οἷον
875 374 927 419 τὸ

415 439 665 497 φαείνοισοὶ
697 459 787 498 μοι.

150 509 299 552 Τοῦτο
348 506 399 551 δὲ
447 505 671 564 ἐπίσημόν
720 508 813 552 ἐστι
850 509 1194 565 πενθημιμερὲς
1233 507 1599 565 ὀνομαζόμενον,
1649 506 1717 553 ὄτι
1754 517 1836 554 τοῦ

145 571 282 618 πέντε
326 574 379 618 τὸ
427 572 508 631 ἤμι
538 592 566 618 υ
611 575 724 634 ἔχει·
774 575 1084 631 μετρούμενον
1123 575 1212 632 γὰρ
1251 574 1371 619 κατὰ
1410 573 1711 633 ὃισυλλαβίαν
1751 575 1836 620 δύο
1884 586 1904 619 5

147 637 285 696 ἥμισυ
326 589 625 699 &tovi-lagiae
663 639 921 696 εὑρίσκεται
954 642 1072 699 ἔχον.
1140 642 1204 686 Τὸ
1238 642 1351 686 αὐτὸ
1384 642 1436 686 δὲ
1468 642 1547 685 καὶ
1580 642 1836 700 δοχμιακὸν

147 706 422 763 ὀνομάζεται
459 706 488 763 ἢ
530 708 625 752 ἀπὸ
659 708 831 760 ἔθνους
863 707 1008 760 οὕτως
1038 707 1382 765 ὀνομαζομένου
1415 706 1442 764 ἢ
1476 707 1569 752 ἀπὸ
1602 715 1682 752 τοῦ
1713 709 1837 764 πρώ-

146 789 235 823 τως
274 774 399 833 αὐτῷ
435 773 727 831 χρησαμένου
758 772 786 830 ἢ
819 771 934 829 παρ’
964 772 1093 827 ὅσον,
1134 774 1267 833 (ὡς)
1301 773 1418 819 ἔνιοί
1461 789 1599 831 φασι,
1638 773 1837 830 πλάγιόν

146 856 253 884 τινα
283 841 366 885 τὸν
398 837 583 897 ῥυθμὸν
616 841 707 898 ἔχει
739 841 819 885 καὶ
851 842 935 885 οὐκ
969 840 1246 897 ὀρθότατον.

68 906 111 962 7)
262 911 305 951 A
316 905 547 963 ίμετρον
579 907 632 952 δέ
664 908 757 952 ἐστι
789 907 1126 964 καταληκτικὸν
1158 907 1242 963 μὲν
1273 907 1325 952 τὸ
1861 919 1904 951 10

410 976 661 1024 πολεῦντος
690 972 860 1018 πότνιά
893 990 990 1030 μευ.

149 1044 298 1084 Τοῦτο
339 1041 390 1084 δὲ
432 1040 748 1097 ἑφθημιμερὲς
785 1043 1015 1094 καλεῖται,
1056 1047 1179 1095 τρεῖς
1216 1037 1355 1096 ἥμισυ
1387 1040 1494 1099 ἔχον
1526 1038 1837 1099 δισυλλαβίας,

145 1105 206 1150 αἴ
229 1107 344 1151 εἰσιν
377 1105 515 1163 ἥμισυ
546 1114 628 1151 τοῦ
662 1107 790 1151 ἑπτά.
838 1107 979 1150 ταύτὸ
1011 1114 1147 1151 τοῦτο
1174 1107 1254 1151 καὶ
1282 1107 1614 1162 Φερεκράτειον
1645 1105 1837 1164 λέγεται,

145 1174 207 1225 ὡς
243 1172 514 1228 κατακόρως
554 1174 700 1233 τούτῳ
746 1172 1038 1231 χρησαμένου
1077 1180 1159 1217 τοῦ
1202 1173 1530 1229 Φερεκράτους.
1600 1176 1751 1233 πολλῷ
1784 1172 1836 1218 δὲ

145 1239 270 1299 αὐτῷ
294 1238 513 1298 κέχρηται
552 1240 631 1284 καὶ
663 1239 691 1296 ἡ
723 1239 943 1295 ποιήτρια
975 1238 1195 1296 Κορίννη.
1229 1266 1286 1271 -
1318 1237 1545 1295 Δι’μετρον
1578 1240 1628 1284 δὲ
1660 1239 1835 1284 ἀκατά-
1860 1251 1904 1284 15

144 1305 312 1363 ληκτόν
345 1307 467 1351 ἐστιν
500 1303 603 1351 οἷον
635 1306 686 1350 τὸ

414 1372 464 1417 ἐν
497 1371 699 1429 ὄρφναις
730 1372 812 1428 μὲν
844 1372 1107 1430 ἀφεγγέσσι.

149 1443 354 1484 Τοιαῦτα
396 1437 449 1483 δέ
488 1440 627 1491 εἰσιν,
669 1438 776 1484 ’ὅσον
817 1439 936 1484 κατὰ
975 1439 1027 1483 τὸ
1067 1437 1283 1495 δίμετρον
1315 1439 1637 1496 ἀκατάληκτον
1668 1438 1837 1484 καὶτὰ

145 1504 244 1567 ἰδίᾳ
282 1506 394 1563 ἡμῖν
433 1505 631 1550 τεθέντα
672 1507 738 1558 εἰς
774 1506 1072 1563 παράδειγμα
1103 1513 1195 1550 τῶν
1228 1503 1488 1562 συμμίκτων
1520 1504 1835 1551 ἀναπαίστων.

145 1572 453 1629 ὀνομάζονται
494 1572 544 1617 δὲ
583 1573 640 1617 τὰ
679 1580 871 1617 τοιαῦτα
913 1570 1126 1628 ὃίμετρα,
1169 1572 1231 1624 ὡς
1271 1573 1349 1616 καὶ
1388 1571 1603 1627 ἀνωτέρω
1644 1572 1837 1628 ἔφαμεν,
1861 1584 1905 1615 20

146 1639 412 1684 Γλυκώνειοὲ
437 1655 484 1683 τε
512 1640 591 1683 καὶ
611 1637 974 1694 Ἁνακρεόντεια.
1002 1665 1055 1670 ——
1084 1636 1314 1694 Δι’μετρον
1340 1638 1391 1684 δὲ
1415 1638 1837 1695 ὑπερκατάληκτον,

146 1703 258 1761 ὅπερ
289 1706 369 1749 καὶ
401 1707 657 1761 Σαπφικὸν
689 1707 769 1750 καὶ
786 1704 1153 1750 Ἵππωνάκτειον
1186 1705 1473 1761 ὀνομάζεται,
1507 1705 1586 1750 ἅτε
1618 1705 1676 1762 δὴ
1702 1708 1835 1749 Σαπ-

145 1779 266 1828 φοῦς
295 1768 376 1816 καὶ
400 1770 719 1823 Ἱππώνακτος
749 1771 1020 1826 κατακόρως
1050 1772 1175 1831 αὐτῷ
1200 1771 1514 1829 χρησαμένων,
1546 1772 1597 1816 τὸ

411 1839 574 1882 λύοισα
607 1838 847 1895 δνοφεράν
879 1837 1096 1894 κνέφαος.

150 1908 296 1949 Τοῦτο
330 1904 380 1950 δὲ
414 1904 497 1950 ἕνα
530 1904 674 1961 μόνον
706 1906 786 1950 τὸν
826 1913 1008 1960 πρῶτον
1039 1903 1352 1950 ἀντίσπαστον
1392 1905 1506 1963 ἔχει,
1546 1905 1649 1961 ἑξῆς
1679 1905 1730 1951 δὲ
1762 1907 1834 1950 δι·
1859 1915 1902 1948 25

143 1969 318 2017 ποὸίαν
365 1972 587 2030 ἰαμβικὴν
634 1973 714 2016 καὶ
761 1970 872 2028 μίαν
911 1971 1129 2027 περιττὴν
1169 1970 1411 2030 συλλαβήν.
1481 1978 1616 2015 τοῦτο
1664 1971 1715 2017 δὲ
1755 1973 1838 2015 καὶ

145 2037 515 2096 έννεασύλλαβον
547 2037 725 2096 λέγεται
757 2036 892 2083 αὐτό·
927 2036 1063 2082 ἐννέα
1096 2036 1183 2094 γὰρ
1218 2037 1310 2095 ἔχει
1341 2037 1424 2089 τὰς
1452 2036 1560 2089 ὅλας
1591 2038 1706 2082 αὐτὸ
1731 2041 1836 2082 συλ-

143 2103 302 2162 λαβάς.
336 2130 391 2136 —
424 2105 519 2148 Καὶ
552 2102 743 2161 δίμετρα
775 2103 858 2161 μὲν
890 2111 1050 2147 ταῦτα.

37 2171 113 2228 88)
269 2167 551 2226 Τρίμετρα
592 2169 666 2223 δέ,
705 2170 1041 2227 καταληκτικὸν
1081 2169 1163 2226 μὲν
1203 2170 1254 2214 τὸ
1295 2171 1341 2223 ἐξ
1383 2170 1486 2222 ἑνὸς
1524 2169 1671 2227 μόνου
1707 2171 1835 2215 ἀντι-

146 2235 354 2280 σπάστου
392 2235 561 2288 ποδός,
592 2245 685 2282 τῶν
717 2237 769 2282 δὲ
803 2237 906 2293 ἑξῆς
937 2237 1188 2295 ἰαμβικῶν,
1219 2236 1270 2280 τὸ
1302 2235 1608 2294 προκείμενον
1641 2236 1750 2289 ἔπος
1779 2237 1833 2282 τὸ
1858 2249 1903 2281 3ο

410 2310 572 2354 λύοισα
606 2310 845 2366 δνοφερὰν
877 2309 1083 2366 κνέφαος
1115 2309 1276 2367 ὁρμάν.

266 2477 319 2515 15
354 2470 582 2530 Κορίννη]
622 2473 763 2515 immo
805 2472 992 2529 scripsit
1024 2472 1172 2529 Heph.
1203 2478 1279 2526 55,
1307 2478 1331 2516 9
1378 2472 1428 2516 ἐν
1467 2479 1519 2529 τῇ
1554 2475 1834 2527 Κοριαννοῖ;

145 2531 202 2575 cf.
237 2536 306 2585 32,
328 2536 381 2574 10
415 2534 462 2574 et
494 2531 668 2574 schol.A
691 2535 789 2585 143,
808 2537 834 2574 4

265 2691 289 2730 6
323 2686 579 2743 ὃοχμαικὸν
604 2686 724 2738 PK;
757 2686 880 2729 idem
912 2686 1009 2730 HN
1040 2686 1189 2743 Heph.
1222 2702 1268 2743 p.
1295 2691 1363 2739 3⁶2,
1385 2690 1410 2729 6
1435 2689 1450 2743 ΙΙ
1473 2691 1498 2729 9
1532 2686 1612 2730 τὸν
1644 2700 1730 2730 0111.
1759 2688 1834 2743 Pu

147 2751 198 2789 17
233 2745 453 2802 ἀφεγγέσι
487 2746 607 2798 ΡΚ;
641 2745 697 2789 cf.
725 2750 825 2800 364,
844 2749 899 2788 28
931 2749 945 2801 ΙΙ
974 2751 1024 2788 19
1058 2746 1142 2804 εἰς]
1175 2746 1237 2797 ὡς
1269 2747 1314 2789 Ρ
1349 2749 1354 2800 Ι
1390 2745 1541 2788 Trich.
1576 2758 1647 2803 ap.
1682 2745 1784 2802 Hep
1787 2746 1830 2788 h.

145 2809 281 2860 55,12
306 2805 475 2848 habuit
500 2802 765 2861 συμμίκτοις
789 2802 1114 2858 ἀναπαίστοις;
1140 2805 1293 2860 ipsum
1318 2803 1471 2848 Trieh.
1497 2804 1832 2862 6111611ᾶ..]11118,

145 2877 250 2907 cum
281 2866 473 2920 propter
506 2867 604 2916 388,
626 2867 678 2906 19
713 2878 750 2907 σ.
785 2862 1106 2908 ἀντισπάστων
1139 2863 1338 2908 scribere
1371 2863 1553 2907 iuberet
1581 2865 1596 2919 11
1628 2869 1681 2906 27
1717 2863 1832 2907 αὐτὸ

144 2925 246 2979 (pr.)
278 2923 383 2967 fort.
418 2922 624 2977 delend.;
658 2922 803 2981 τούτῳ
833 2922 958 2980 Jung
985 2925 990 2979 Ι
1020 2923 1132 2966 αιτὸ
1165 2923 1302 2978 Jung,
1337 2923 1479 2966 αἰτοῦ
1514 2923 1620 2966 PK
