2090 3158
238 153 385 197 XXIV
915 154 1248 195 PRAEFATIO

238 293 330 341 hac
370 293 650 340 recensione
689 292 868 354 pedum
909 291 1229 352 enumeratio,
1268 291 1353 339 sed
1392 294 1575 340 omissa
1615 294 1688 340 est
1724 291 1927 340 iambici

238 382 353 428 pars
395 369 613 414 extrema
654 368 703 413 et
748 367 962 413 metrum
1002 364 1294 427 elegiacum3
1340 365 1518 413 ultimo
1558 367 1721 427 capite
1761 367 1928 429 agitur

239 441 298 488 de
329 439 697 488 Anacreonteis.
760 439 946 487 Pedum
979 439 1358 500 explicationem
1393 455 1492 487 non
1522 441 1710 501 recepit
1741 433 1924 488 auctor.

349 514 552 562 Praeter
591 529 670 562 eos
719 529 840 574 quos
890 513 1034 560 modo
1074 513 1177 560 dixi
1215 512 1404 561 codices
1442 515 1606 561 totum
1645 514 1748 561 fere
1785 513 1926 562 libel-

238 589 343 636 lum
388 587 716 649 Byzantinum
771 586 967 648 repperi
1020 587 1074 634 in
1129 587 1414 635 collectione
1466 587 1928 635 commentariorum

238 663 577 721 metricorum,
618 677 767 722 quam
804 660 880 708 Ps.
908 660 1292 721 Hephaestionis
1324 662 1522 708 nomine
1562 662 1789 708 ornatam
1828 661 1926 710 edi-

239 736 314 782 dit
343 735 405 782 H.
447 752 532 782 zur
562 734 595 781 J
598 734 974 782 acobsmuehlen
1012 735 1066 781 in
1096 735 1226 783 Diss.
1259 734 1430 796 philol.
1464 734 1725 799 Argentor.
1758 736 1853 783 vol.
1884 735 1927 782 X

239 827 285 871 p.
321 811 422 856 221
440 825 544 871 sqq.
587 802 684 874 (ἐξ
718 810 765 855 2.
808 809 877 855 43.
919 809 1075 856 4⁰.23.
1121 802 1295 875 5—8)
1347 811 1398 856 et
1445 810 1498 856 in
1547 809 1651 857 cod.
1694 808 1926 857 Chisiano

238 883 442 930 miscell.
461 883 504 929 R
527 882 679 930 IVll
709 897 744 929 s.
770 881 887 928 XIV
915 876 1004 948 (ἓξ
1034 875 1221 943 lb—-93
1255 881 1286 943 ξ
1317 875 1372 929 lb
1402 882 1453 929 in
1472 882 1564 930 AV
1588 883 1613 930 I
1639 876 1926 946 207—91)‚

237 958 432 1019 reliqua
484 957 616 1018 apud
660 955 1096 1018 Mangelsdorfium
1145 958 1199 1004 in
1244 973 1408 1020 progr.
1450 974 1614 1019 gymn.
1650 956 1927 1005 Carolsruh.

243 1023 424 1096 1876),
465 1031 632 1091 capita
670 1029 891 1091 dispersa
930 1033 1046 1078 sunt
1083 1031 1136 1077 in
1176 1031 1426 1078 codicibus
1458 1032 1558 1078 fere
1597 1030 1928 1078 innumerabi-

237 1104 380 1152 libus.
459 1103 593 1160 Quae
642 1120 756 1151 cum
808 1104 882 1151 ita
936 1105 1036 1151 sint
1081 1104 1135 1151 in
1182 1104 1381 1152 edendis
1429 1105 1782 1167 appendicibus
1829 1120 1928 1152 non

240 1179 566 1226 Studemundi
613 1179 890 1240 exemplum
937 1179 1190 1240 amplexus
1237 1179 1291 1225 id
1338 1181 1439 1242 egi,
1489 1182 1547 1226 ut
1586 1195 1735 1240 quam
1773 1179 1927 1240 pluri-

238 1268 343 1300 mos
397 1252 678 1299 adhiberem
726 1252 939 1313 codices,
979 1253 1064 1300 sed
1109 1255 1166 1300 ut
1214 1255 1263 1300 et
1310 1254 1510 1314 optimis
1557 1255 1722 1300 uterer
1770 1269 1929 1314 neque

238 1327 555 1374 librariorum
600 1327 738 1374 vitiis
785 1326 1038 1374 futtilibus
1078 1326 1146 1374 eis
1187 1328 1275 1388 qui
1319 1328 1494 1389 legunt
1539 1342 1728 1375 moram
1777 1328 1928 1374 inter-

237 1416 471 1462 ponerem
510 1400 754 1447 inutilem.

527 1567 578 1611 V
628 1535 712 1610 'De
755 1566 1105 1611 editionibus
1143 1566 1631 1623 Hephaestioneis.

351 1666 628 1714 Ediderunt
672 1666 1057 1729 Hephaestionis
1114 1667 1440 1714 enchiridium
1494 1670 1608 1729 post
1663 1667 1929 1715 editionem

238 1741 520 1803 principem

356 1818 398 1861 1.
439 1814 688 1862 Adrianus
722 1815 998 1862 Turnebus:
1029 1808 1403 1876 ‘Hzpoctou'oevwg
1429 1808 1545 1881 (sic)
1575 1807 1929 1879 Ἀλεξανδρέως

240 1886 524 1953 ἐγχειρίδιον
564 1886 673 1954 περὶ
713 1886 898 1952 μέτρων
936 1885 1018 1935 καὶ
1050 1887 1351 1951 ποιημάτων.
1413 1887 1482 1946 εἰς
1513 1886 1565 1935 τὸ
1598 1886 1716 1937 αὐτὸ
1750 1886 1927 1952 σχόλια.

241 1962 444 2009 Parisiis
496 1963 650 2010 1553.
736 1961 864 2010 Usus
912 1978 1015 2010 esse
1060 1962 1257 2010 videtur
1302 1963 1506 2010 minime
1553 1962 1742 2010 duobus
1787 1962 1928 2009 libris

241 2037 604 2097 manuscriptis,
635 2053 846 2097 quorum
870 2051 995 2084 unus
1028 2036 1093 2084 ad
1123 2037 1333 2084 alteram
1358 2037 1582 2084 codicum
1605 2036 1928 2098 Hephaestio-

241 2125 444 2157 neorum
483 2110 687 2158 classem
735 2110 1016 2172 pertinebat
1063 2111 1342 2172 codicisque
1381 2110 1772 2158 Meermanniani
1813 2103 1925 2176 (M)

243 2186 348 2230 erat
387 2184 644 2246 gemellus,
696 2185 822 2231 alter
859 2179 1190 2233 scholiorumB
1232 2200 1341 2232 eam
1381 2200 1505 2246 quae
1543 2186 1597 2231 in
1638 2184 1686 2231 Y
1718 2185 1792 2232 est
1831 2185 1928 2232 for-

241 2273 374 2303 mam
414 2258 685 2305 exhibebat.
743 2258 817 2304 Ex
855 2258 943 2306 illo
977 2259 1236 2320 descripsit
1268 2258 1594 2306 enchiridium
1626 2260 1675 2305 et
1706 2251 1928 2306 scholiaA

243 2331 451 2393 singulis
493 2332 735 2393 capitibus
777 2332 1016 2380 absolutis
1059 2334 1292 2380 continue
1331 2333 1516 2393 scripta
1556 2332 1831 2392 subiuncta,
1871 2348 1927 2378 ex

242 2404 334 2451 hoc
374 2401 592 2452 scholiaB
634 2408 748 2466 post
785 2406 931 2453 finem
971 2406 1231 2454 enchiridii
1278 2407 1524 2454 annexuit.
1601 2406 1772 2467 Neque
1812 2421 1927 2453 vero

244 2479 290 2525 ei
334 2478 534 2525 illorum
581 2479 699 2526 ordo
746 2481 946 2540 placuit.
1026 2480 1339 2542 Quapropter
1385 2495 1471 2527 suo
1518 2479 1772 2527 accumine
1810 2494 1926 2527 usus

245 2552 410 2613 capita
458 2552 520 2598 ad
567 2552 825 2599 enchiridii
866 2553 1084 2600 ordinem
1124 2556 1240 2601 utut
1288 2556 1485 2615 poterat
1524 2553 1926 2600 accommodavit.

244 2624 350 2672 Hoc
389 2626 556 2673 labore
596 2627 716 2687 quid
755 2627 968 2674 effecerit
1000 2627 1282 2675 etiamnunc
1315 2643 1372 2675 ex
1405 2625 1674 2674 Gaisfordii
1713 2626 1925 2673 editione

367 2768 408 2821 1)
441 2765 528 2808 Hic
563 2765 684 2809 solos
717 2766 975 2822 bisyllabos
1009 2769 1056 2810 et
1086 2767 1357 2822 trisyllabos
1387 2768 1531 2823 pedes
1565 2766 1823 2810 enumerari
1857 2779 1925 2808 ar-

244 2823 515 2878 tissimeque
554 2824 676 2868 hunc
715 2825 918 2870 indicem
959 2839 1182 2869 conexum
1223 2841 1321 2870 esse
1361 2841 1465 2870 cum
1498 2825 1744 2880 ,‚scholiis“
1777 2825 1927 2868 obiter

245 2896 421 2926 moneo.
