2090 3158
165 1154 206 1186 10

163 1583 203 1615 15

161 1974 204 2004 20

237 172 307 224 70
869 172 1292 214 ΗΦΑΙΣΤΙῼΝΟΣ

234 309 349 376 φὴν
389 307 653 376 οὐδεμίαν
691 303 801 375 ἔχει
839 305 1064 373 μεταξύ,
1105 305 1242 358 ἀλλὰ
1279 305 1436 376 μέχρι
1475 316 1572 377 τῆς
1609 311 1920 373 τελευταίας

234 389 395 458 ὅμοιά
435 387 564 441 ἐστι.

346 470 428 539 (3)
462 469 615 522 Κατὰ
654 470 1045 539 περιορισμοὺς
1082 464 1142 520 δὲ
1183 467 1410 531 ἀνίσους
1441 467 1609 538 ἐστίν,
1650 469 1823 523 ὁπόσα
1863 469 1917 534 ἐξ

233 550 439 620 ὁμοίων
487 559 799 603 συνεστῶτα
846 546 955 617 ἔχει
1003 549 1295 617 κατάληξιν
1340 549 1373 618 ἢ
1413 549 1922 620 βραχυκαταληξίαν

233 630 450 701 μεταξύ,
492 631 558 684 οὐ
597 630 787 698 μέντοι
826 635 967 692 ἴσοις
1003 629 1263 698 μεγέθεσι
1302 632 1508 700 ταύτην
1540 631 1922 701 ἐπιζευγνυμέ-

232 733 337 782 νην
376 712 476 780 ἀεί,
516 706 604 765 οἶα
643 713 875 779 μάλιστα
914 715 1066 779 φιλεῖ
1103 713 1365 779 γίνεσθαι
1404 710 1465 765 ἐν
1503 722 1620 776 ταῖς
1657 715 1921 783 παρόδοις

231 804 342 847 τῶν
387 804 591 864 χορῶν·
646 792 757 846 ἐκεῖ
804 794 907 861 γὰρ
953 793 1088 859 μετὰ
1136 791 1267 845 δέκα
1315 793 1702 863 ἀναπαιστικά,
1750 796 1919 863 λόγου
1946 803 2074 862 [132]

230 877 416 944 χάριν,
463 874 554 928 καὶ
594 875 885 942 κατάληξιν
933 873 1236 942 ἐπάγουσιν
1276 874 1449 937 εὐθὺς
1489 875 1652 944 ὅμοια
1689 876 1791 943 μὲν
1828 878 1919 930 καὶ

231 956 612 1025 ἀναπαιστικά,
655 956 720 1009 οὐ
759 956 949 1023 μέντοι
987 965 1099 1008 τῶν
1138 955 1279 1009 ἴσων
1316 959 1607 1024 συζυγιῶν.
1648 983 1650 985 ·

941 1152 944 1156 ⁴
1013 1124 1131 1178 VII.

341 1233 421 1300 (1)
443 1229 596 1284 ’Ἐστι
631 1229 694 1283 δέ
722 1249 845 1282 τινα
878 1227 941 1282 ἐν
964 1238 1080 1291 τοῖς
1111 1231 1375 1298 ποιήμασι
1404 1230 1493 1283 καὶ
1518 1232 1584 1282 τὰ
1607 1232 1918 1299 καλούμενα

229 1311 539 1381 ε’φύμνια,
595 1313 730 1380 ἅπερ
787 1311 985 1378 ταύτης
1034 1318 1130 1379 τῆς
1182 1315 1555 1381 προσηγορίας
1608 1314 1916 1382 τετύχηκεν,

230 1391 418 1462 ἐπειδὴ
465 1393 555 1446 καὶ
603 1391 879 1461 ἐφύμνιόν
925 1411 976 1442 τι
1025 1392 1291 1444 εἰώθασιν
1339 1391 1564 1460 ἐπάγειν
1604 1395 1657 1446 οἱ
1695 1394 1916 1462 ποιηταὶ

228 1483 347 1537 ταῖς
387 1484 673 1545 στροφαῖς,
714 1467 803 1526 οἶά
842 1472 957 1526 ἐστι
997 1472 1088 1525 καὶ
1127 1474 1192 1526 τὰ
1231 1482 1457 1527 τοιαῦτα

579 1554 707 1623 Ἰήῖε
745 1555 929 1606 παιάν.

303 1630 314 1647 x

228 1649 319 1681 και

583 1700 625 1756 ὦ
668 1702 994 1771 διθύραμβε.

215 1787 379 1841 Ὅταν
433 1784 495 1839 δὲ
547 1786 608 1838 τὸ
667 1783 941 1854 ἐφύμνιον
992 1783 1065 1851 μὴ
1120 1785 1254 1850 μετα
1300 1786 1550 1855 στροφὴν
1601 1785 1738 1838 ἀλλὰ
1783 1789 1914 1853 μετὰ

229 1874 420 1938 στίχον
444 1867 628 1936 κέηται
651 1867 1198 1933 περιλαμβανόμενον
1224 1866 1368 1937 ἄλλῳ
1395 1868 1576 1938 στίχῳ,
1609 1867 1915 1935 μεσύμνιον

228 1957 469 2005 καλεῖται
511 1950 595 2018 [τὸ
635 1946 883 2015 ποίημα],
925 1939 1046 1998 οἷόν
1086 1945 1199 1998 ἐστι
1239 1948 1300 2000 τὸ
1341 1948 1487 2016 παρὰ
1527 1952 1757 2016 Σαπφοῖ
1793 1948 1911 2019 (91)

305 2039 421 2096 ἴψοι
462 2033 528 2099 δὴ
569 2031 630 2083 τὸ
671 2028 956 2097 μέλαθρον
997 2028 1201 2097 άείρετε
1239 2027 1488 2090 τέκτονες
1528 2030 1742 2098 ἄνδρες,

407 2111 695 2181 Ὑμήναον,

302 2195 547 2264 γαμβρὸς
585 2189 798 2260 ἔρχεται
837 2184 958 2252 ἶσος
982 2188 1177 2260 Ἄρευι.

349 2346 400 2383 11
436 2340 492 2384 cf.
526 2340 641 2383 Mar.
667 2337 788 2379 vict.
815 2335 879 2378 VI
903 2341 973 2391 59,
993 2341 1164 2380 24—29
1199 2337 1303 2394 (BA
1329 2336 1370 2379 V
1395 2342 1420 2379 3
1452 2351 1497 2392 p.
1527 2342 1609 2379 106
1628 2339 1734 2393 sq.);
1769 2337 1910 2380 schol.

228 2400 276 2442 in
301 2400 535 2456 Aristoph.
562 2399 677 2441 Ran.
706 2400 790 2438 209
816 2394 953 2452 (RV).
983 2400 1095 2438 1275
1123 2395 1197 2452 (V)
1221 2398 1235 2452 Η
1263 2400 1315 2438 18
1343 2396 1399 2439 cf.
1428 2396 1540 2439 Mar.
1561 2395 1678 2439 Plot.
1692 2396 1752 2439 VI
1771 2401 1911 2451 517‚4

347 2522 372 2559 6
407 2514 508 2562 οἷον
540 2519 599 2574 ΙΙ
628 2515 843 2574 γίνεσθαι
878 2514 998 2567 ΑΗ,
1029 2513 1252 2570 γενέσθαι
1283 2516 1314 2557 Ι
1334 2516 1348 2570 Η
1375 2518 1425 2556 11
1460 2528 1527 2558 w.
1557 2518 1624 2568 71,
1645 2519 1786 2556 1—15
1820 2513 1910 2557 huc

227 2577 515 2631 transposuit
533 2576 758 2631 Westph.‚
786 2577 866 2619 sed
893 2574 948 2616 cf.
970 2577 1105 2626 69,12
1124 2575 1137 2629 Η
1161 2579 1213 2615 13
1239 2574 1320 2617 καὶ
1345 2575 1391 2616 et
1414 2589 1458 2615 τι
1483 2587 1570 2616 om.
1586 2577 1627 2616 A
1647 2576 1660 2629 Η
1680 2577 1732 2615 19
1759 2588 1909 2627 παροι-

227 2635 578 2691 λαμβανόμενον
610 2637 703 2679 ΙΗ
749 2638 763 2691 ΙΙ
818 2640 873 2677 20
909 2633 959 2676 τὸ
975 2629 1170 2701 ..ποίημα
1203 2633 1291 2676 del.
1327 2631 1500 2688 Bergk3
1542 2632 1647 2675 fort.
1682 2629 1784 2675 οἶόν
1816 2631 1910 2675 ἐστι

974 2704 985 2724 ί

226 2738 278 2781 τὸ
310 2736 485 2794 ποίημα
509 2741 522 2794 ΙΙ
549 2744 600 2782 21
637 2738 741 2795 ἰ”ψοι
759 2738 926 2795 Bergk,
960 2735 1194 2792 Λἷ)’1,ῑ>οι(εί(5)
1219 2737 1278 2789 A,
1311 2736 1429 2787 ὑψοῖ
1450 2736 1510 2792 ΙΙ
1538 2736 1644 2790 post
1675 2734 1909 2790 μέλαθρον

228 2796 335 2839 add.
370 2797 501 2840 codd.
536 2798 767 2853 ὑμήναον,
800 2798 881 2840 sed
914 2798 1044 2840 deest
1077 2808 1149 2850 ap.
1177 2795 1378 2838 Demetr.
1413 2794 1470 2836 de
1503 2793 1615 2837 eloe.
1645 2799 1749 2846 1483
1783 2795 1908 2850 apud

226 2854 376 2911 Heph.
412 2856 500 2899 del.
526 2857 737 2913 westph.
789 2858 794 2913 Ι
846 2854 1018 2911 &siem
1059 2868 1171 2897 corr.
1206 2867 1262 2896 ex
1297 2851 1481 2907 ἀείρατε
1515 2853 1570 2907 G,
1613 2851 1818 2908 ἀείρεται
1850 2855 1907 2907 Α,

227 2913 411 2969 ἀείρατε
445 2917 485 2968 Ι,
519 2915 701 2971 ἀέρρετε
735 2929 806 2971 ap.
834 2915 1004 2971 Sapph.
1033 2913 1227 2967 Bentley
1251 2915 1265 2968 ΙΙ
1291 2917 1344 2954 23
1379 2911 1481 2966 ἄρει
1512 2913 1543 2954 Ι
