2090 3158
194 164 296 216 138
886 163 1117 204 ΣΧοΛΙΑ
1148 163 1186 203 Α

301 299 386 367 29,
413 301 444 352 8
499 307 598 352 τοῦ
650 288 753 367 γὰρ
809 296 1113 367 χοριάμβου
1168 296 1450 358 κατάκλεις
1502 296 1530 350 6
1579 298 1870 363 δάκτυλοςε

192 413 259 419 ——-
285 380 501 434 AiC'ffD

299 463 386 531 29,
415 462 483 515 10
524 462 789 523 δάκτυλός
829 458 942 512 ἐστι
982 460 1042 511 τὸ
1090 460 1413 528 μείρακες·
1466 461 1638 513 λείπει
1679 458 1738 514 δὲ
1777 470 1873 533 μιᾷ

190 547 434 614 συλλαβῇ
468 544 540 606 ὡς
570 541 966 611 καταληκτικὸν
990 541 1067 602 εἰς
1091 541 1188 593 τὸν
1213 542 1539 609 χορίαμβον·
1572 542 1648 604 εἰς
1677 543 1873 596 δάκτυ-

145 629 290 679 5λον
337 622 439 678 οὖν
485 623 799 693 κατέληξεν,
846 623 918 683 ὡς
966 615 1131 674 εἶπεν.
1207 623 1268 675 τὸ
1317 619 1385 674 δὲ
1431 621 1668 692 τροφαὶ
1709 623 1874 692 ἀμφί-

188 710 391 776 μακρός
439 706 588 759 ἐστιν
634 704 756 758 ἀντὶ
806 705 1081 757 δακτύλου
1124 704 1398 771 δηλονότι.
1475 704 1644 756 πάλιν
1681 706 1772 758 καὶ
1811 707 1872 758 τὸ

189 787 434 842 ωλένου
476 787 821 856 αμφίμακρος
861 786 981 838 ἀντὶ
1015 786 1311 838 δακτύλου
1353 786 1430 847 εἰς
1462 786 1566 856 γαρ
1600 786 1875 840 δακτυλον

188 873 395 938 γίνεται
450 871 482 937 ἡ
537 869 818 931 κατακλεις
871 878 982 921 τῶν
1028 868 1261 937 πρώτων
1308 867 1625 936 χοριαμβων
1672 869 1872 921 ὄντωνε

193 982 254 988 -
282 948 549 1021 AC(D1)

120 1053 162 1085 10
296 1031 383 1099 29,
412 1031 480 1083 10
526 1032 587 1084 τὸ
637 1032 979 1084 ἱστοπόνοι
1033 1031 1334 1098 μείρακες
1387 1032 1745 1100 χοριαμβικὸν
1793 1032 1873 1084 δί-

185 1114 382 1182 μετρόν
427 1112 590 1165 ἐστιν.
668 1122 940 1181 μετρεῖται
981 1112 1042 1164 δὲ
1087 1112 1222 1163 κατὰ
1262 1112 1523 1165 διποδίαν
1560 1114 1651 1166 καὶ
1690 1122 1871 1182 τοῦτο,

186 1195 394 1262 δηλαδὴ
455 1194 515 1246 τὸ
577 1195 959 1264 χοριαμβικόν·
1029 1195 1204 1261 μόνον
1265 1194 1368 1262 γὰρ
1423 1195 1484 1247 τὸ
1541 1195 1872 1248 δακτυλικὸν

184 1277 362 1343 βαίνει
401 1276 536 1328 κατὰ
574 1276 934 1342 μονοποδίαν,
975 1272 1062 1326 καὶ
1105 1275 1137 1342 ἡ
1179 1276 1325 1327 αι’τία
1363 1277 1694 1344 προείρηται.
1759 1276 1871 1330 ἐπεὶ

185 1353 288 1408 οὖν
342 1358 393 1409 οἱ
448 1357 878 1457 τετρασύλλαβοι
932 1356 1097 1417 πόδες
1151 1356 1252 1408 οὐκ
1304 1355 1446 1409 εἰσὶν
1493 1356 1679 1425 ἁπλοῖ,
1735 1357 1872 1410 ἀλλὰ

118 1460 158 1492 15
185 1439 370 1491 διπλοῖ
416 1440 596 1507 ὥσπερ
648 1458 738 1491 και
778 1437 805 1490 ὁ
855 1439 1153 1507 χορίαμβος
1190 1468 1263 1474 -
1304 1438 1535 1500 διπλοῦς
1575 1459 1679 1508 γαρ
1721 1438 1871 1491 ἐστιν

184 1519 242 1573 ἐκ
291 1522 549 1590 τροχαίου
589 1521 678 1573 καὶ
721 1520 922 1587 ἰάμβου
963 1551 1050 1587 -,
1101 1518 1167 1571 οὐ
1210 1519 1478 1571 δύνανται
1518 1521 1653 1572 κατὰ
1703 1540 1868 1586 μονο-

181 1604 384 1654 ποδίαν
433 1607 753 1671 μετρεῖσθαι
802 1602 873 1664 ὡς
919 1602 980 1654 τὸ
1022 1602 1365 1653 δακτυλικόν.
1443 1602 1644 1654 τούτου
1684 1601 1870 1655 ἕνεκεν

183 1685 420 1751 φαίημεν
466 1683 535 1736 ἂν
583 1680 725 1736 εἶναι
771 1683 831 1735 τὸ
880 1683 1058 1751 παρὸν
1105 1683 1464 1751 χοριαμβικὸν
1502 1683 1562 1734 τὸ
1605 1684 1868 1735 ἱστοπό-

183 1785 283 1817 νοι
323 1767 622 1834 μείρακες
664 1765 924 1833 δίμετρον
963 1764 1356 1832 καταληκτικὸν
1387 1761 1447 1815 ἐκ
1477 1783 1737 1834 τροχαιου
1777 1762 1867 1816 καὶ

117 1847 383 1915 εοιαμβου
441 1847 531 1899 καὶ
587 1843 754 1909 αὖθις
815 1847 1074 1916 τροχαίου
1137 1843 1226 1897 καὶ
1281 1847 1537 1914 βραχείας
1591 1848 1868 1913 συλλαβῆς

182 1936 444 1998 περιττῆς.
508 1928 649 1981 οὕτω
690 1929 791 1997 μὲν
831 1932 934 1980 οὐν
973 1927 1105 1979 ὅταν
1144 1926 1216 1988 ὡς
1255 1926 1463 1988 ἁπλοῦς
1494 1927 1694 1988 αὐτοὺς
1725 1932 1866 1979 θεω-

182 2018 385 2076 ρῶμεν,
442 2007 556 2062 ἐπεὶ
612 2012 674 2062 ἔν
727 2029 786 2076 γε
837 2017 901 2078 τῆ
950 2007 1211 2060 συνθέσει
1260 2008 1436 2069 ἄλλως
1482 2006 1587 2070 ε’ξει
1634 2009 1700 2060 τὰ
1745 2006 1860 2060 κατ’

182 2090 401 2152 αὐτούς·
458 2090 651 2143 αὐτίκα
705 2091 807 2159 γὰρ
864 2097 961 2142 τοῦ
1012 2090 1351 2142 ἱστοπόνοι
1401 2091 1705 2157 μείρακες
1752 2089 1865 2142 ἐστὶ

181 2174 476 2240 χορίαμβος
515 2171 543 2223 6
583 2181 795 2241 πρῶτος
834 2171 989 2238 πούς,
1031 2170 1058 2223 6
1097 2171 1157 2223 δὲ
1196 2173 1505 2232 τελευταῖος
1543 2178 1864 2239 περαιοῦται

117 2274 156 2306 25
183 2254 259 2314 εἰς
299 2253 595 2306 δάκτυλονε
634 2285 708 2290 -
740 2253 778 2304 I

292 2333 377 2402 29,
406 2334 472 2386 15
522 2335 656 2403 φησὶ
704 2335 795 2386 διὰ
841 2335 901 2386 τὸ
947 2334 1094 2402 παρὰ
1143 2337 1367 2396 πολλοῖς
1408 2333 1760 2402 εὑρίσκεσθαι
1802 2334 1862 2386 τὸ

181 2413 379 2483 μέτρον
410 2423 574 2468 τοῦτο
613 2413 703 2467 καὶ
736 2424 978 2483 συνεχῶς
1009 2414 1380 2484 ἀπρεπέστερά
1412 2414 1542 2482 ἐστι,
1582 2415 1864 2468 τουτέστιν

182 2495 280 2564 οὐχ
318 2495 628 2566 ὑπάρχουσι
668 2498 907 2565 λαμπραὶ
954 2528 1014 2534 —
1047 2496 1155 2550 AC

299 2683 324 2720 5
358 2678 416 2721 ab
448 2678 499 2722 τὸ
533 2677 584 2722 δὲ
617 2678 677 2721 ad
710 2682 734 2720 8
769 2677 915 2722 ὄντων
948 2678 1090 2722 etiam
1122 2678 1168 2721 in
1202 2680 1301 2733 DI,
1336 2678 1416 2722 sed
1447 2680 1553 2734 post
1585 2682 1639 2720 26
1672 2681 1686 2734 ΙΙ
1722 2682 1746 2720 6
1781 2681 1861 2734 δη-

180 2735 333 2779 λονότι
366 2739 474 2780 ante
506 2738 610 2780 ἀντὶ
642 2751 755 2793 pos,
795 2736 935 2781 παλιν
976 2751 1062 2780 om.
1096 2739 1144 2781 D
1203 2741 1208 2794 1
1267 2735 1596 2793 δηλονότι-7
1632 2737 1860 2781 δακτύλου

181 2808 266 2837 om
297 2796 334 2839 C
365 2798 370 2851 Ι
405 2795 564 2854 πάλιν]
600 2794 767 2851 ὁμοίως
797 2797 861 2844 Ιρἰ
889 2797 1221 2846 ῖλευκωλενος
1253 2796 1383 2839 codd.
1410 2798 1423 2853 ΙΙ
1449 2800 1502 2837 22
1534 2795 1611 2854 τὰ]
1646 2809 1704 2838 an
1736 2796 1817 2839 τὸῖ)
1847 2799 1859 2852 ΙΙ

181 2858 235 2896 23
261 2860 342 2897 τοῦ
367 2854 520 2908 Pauw,
545 2855 596 2898 τὸ
623 2857 656 2897 Ι
673 2857 686 2910 ΙΙ
712 2859 766 2897 26
792 2855 838 2897 in
861 2856 898 2899 C
919 2855 1138 2907 scholion,
1167 2855 1327 2898 addito
1356 2855 1406 2898 δὲ
1431 2856 1537 2910 post
1561 2855 1689 2910 φησὶ,
1715 2855 1860 2898 conti-

180 2914 350 2955 nuatur
382 2890 555 2956 schol'io
583 2918 680 2967 137,
702 2919 767 2956 21.
789 2919 842 2956 22
868 2916 881 2969 Η
907 2919 959 2956 27
987 2915 1065 2957 καὶ
1093 2927 1178 2957 om.
1208 2915 1245 2958 C
1269 2916 1273 2970 l
1302 2914 1442 2957 verba
1473 2915 1579 2969 post
1605 2914 1696 2958 ἐστὶ
1722 2928 1808 2956 om.
1827 2916 1864 2959 O
