2090 3158
264 179 368 231 166
952 180 1186 221 ΣΧοΛΙΑ
1217 180 1256 221 A

373 321 464 379 59,
501 320 529 367 5
581 312 661 367 οἷά
708 317 806 367 ἐστι
852 316 910 366 τὰ
956 325 1052 366 τῶν
1099 316 1363 386 τραγῳδῶν
1409 315 1491 367 καὶ
1538 318 1790 387 κωμῳδῶν
1831 318 1947 383 δρά-

261 410 408 457 ματαε
450 420 519 426 ——
557 392 652 440 GP

374 469 465 527 59,
495 469 522 514 7
581 463 690 530 ἤτοι
743 464 790 524 ἐξ
853 463 1170 513 ἀναπαίστων
1231 463 1313 514 καὶ
1369 464 1560 529 ἰάμβων
1615 464 1697 515 καὶ
1751 464 1948 531 ἓτέρωνε

192 633 210 665 5
373 617 456 676 59,
484 612 551 662 5?
590 613 749 678 ὥσπερ
789 611 851 660 ἂν
891 612 940 661 εἴ
978 631 1049 671 τις
1089 611 1141 661 ἐν
1181 616 1244 682 τῷ
1289 610 1419 682 αὐτῷ
1463 612 1698 676 ποιήματι
1737 612 1948 663 ἀναπαι-

259 689 412 751 στικά,
453 687 733 751 δακτυλικά,
773 685 1003 751 τροχαϊκὰ
1041 685 1123 735 καὶ
1163 685 1367 751 ἰαμβικὰ
1405 684 1487 735 καὶ
1519 685 1653 750 ἕτερά
1684 706 1793 736 τινα
1824 706 1948 753 παρ-

258 762 456 827 ενείροιτ
498 790 566 794 -
597 762 689 811 ΟΡ

549 948 1032 1018 Ἡφαιστίωνος
1070 950 1216 1018 περὶ
1257 949 1651 1017 ποιημάτων.Ἰ
1982 959 2066 999 216

373 1054 457 1122 62,
488 1054 552 1105 17
598 1052 781 1106 ἰστέον
822 1053 904 1106 ὅτι
948 1053 1008 1105 τὸ
1057 1052 1157 1119 μέν
1198 1051 1312 1105 ἐστι
1359 1060 1598 1121 μετροῦν
1637 1053 1710 1115 ὡς
1747 1054 1780 1121 ἡ
1821 1058 1951 1107 συλ-
1976 1059 2090 1118 [118j

196 1158 237 1190 ιο
263 1138 426 1203 λαβή,
481 1136 542 1188 τὸ
601 1131 660 1187 δὲ
714 1142 953 1203 μετροῦν
1009 1134 1094 1186 καὶ
1146 1134 1522 1202 μετρούμενον
1569 1134 1640 1196 ὡς
1687 1135 1738 1187 οῐ
1785 1135 1952 1198 πόδες

260 1215 557 1286 (μετρεῖται
597 1213 699 1283 μὲν
730 1217 834 1284 γὰρ
866 1215 975 1268 ὑπὸ
1007 1223 1103 1282 τῆς
1134 1218 1411 1283 συλλαβῆς
1441 1224 1547 1277 πᾶς
1577 1216 1733 1283 πούς,
1765 1225 1952 1284 μετρεῖ

260 1297 309 1350 δ’
349 1298 515 1360 αὐτὸς
560 1299 626 1350 τὰ
673 1295 888 1367 μέτρα),
944 1297 1004 1349 τὸ
1061 1295 1126 1349 δέ
1178 1296 1293 1349 ἐστι
1343 1297 1718 1365 μετρούμενον
1768 1297 1840 1359 ὡς
1885 1299 1950 1350 τὰ

258 1381 544 1447 ποιήματα.
624 1379 904 1446 διαλαβὼν
951 1373 1055 1430 οὖν
1102 1377 1130 1430 ὁ
1177 1378 1421 1447 τεχνικὸς
1465 1379 1589 1446 περὶ
1637 1380 1814 1447 μόνου
1860 1398 1950 1444 με-

259 1469 524 1530 τροῦντος
571 1461 661 1512 καὶ
708 1467 1040 1529 μετροῦντος
1085 1459 1174 1511 καὶ
1226 1458 1626 1527 μετρουμένου,
1674 1467 1781 1512 νῦν
1826 1460 1948 1529 περὶ

193 1563 233 1595 15
258 1544 432 1609 μόνου
480 1540 858 1610 μετρουμένου
907 1541 1176 1608 διδάσκει,
1227 1541 1255 1594 ὅ
1305 1539 1418 1592 ἐστι
1469 1541 1593 1606 περὶ
1639 1544 1949 1609 ποιήματος.

371 1623 457 1690 63,
484 1625 515 1675 6
573 1622 867 1693 ἑξαμέτρου
917 1623 1053 1690 πρὸς
1102 1622 1494 1691 πεντάμετρονε
1549 1623 1610 1674 τὸ
1659 1621 1951 1691 ἑξάμετρον

257 1703 348 1757 καὶ
387 1706 448 1758 τὸ
489 1704 734 1773 ἐλεγεῖον
773 1703 831 1757 ἐκ
870 1711 970 1756 τοῦ
1011 1712 1188 1756 ποσοῦ
1229 1705 1416 1772 ἔχουσι
1456 1705 1556 1772 τὴν
1596 1704 1886 1772 διαφοράν.

372 1786 457 1851 63,
483 1786 517 1838 5
558 1786 812 1855 ἀνόμοιοι
852 1785 916 1838 δέ
952 1786 1111 1853 εἰσιν,
1153 1786 1286 1838 ὅταν
1318 1786 1369 1837 οἱ
1409 1782 1511 1853 μὲν
1544 1786 1858 1852 σύγκεινται
1896 1784 1948 1849 ἐξ

259 1867 716 1935 ἀντισπαστικῶν,
758 1868 810 1920 οἱ
851 1867 911 1919 δὲ
952 1868 1002 1918 ει’
1037 1867 1194 1936 τύχοι
1236 1865 1288 1929 ἐξ
1330 1868 1716 1935 χοριαμβικῶν.

194 1972 236 2002 20
373 1949 459 2018 63,
489 1950 554 2000 12
597 1950 669 2011 ὡς
708 1950 764 2001 αἱ
802 1948 1128 2020 τραγῳδίαι]
1171 1947 1204 2000 ἃ
1243 1944 1344 2016 μὲν
1384 1948 1570 2000 αὐτῶν
1601 1950 1732 2009 τοὺς
1773 1950 1950 2014 ιάμβι-

259 2033 392 2092 κοὺς
431 2033 540 2098 ἔχει
582 2033 825 2099 στίχους,
868 2029 899 2081 ἃ
942 2026 1002 2081 δὲ
1042 2029 1260 2097 χορικά,
1300 2030 1366 2081 τὰ
1406 2029 1463 2081 ἐκ
1503 2029 1695 2081 κώλων
1734 2032 1949 2096 συγκεί-

259 2131 408 2180 μενα.

373 2193 554 2262 63,15
595 2194 754 2246 κοινὰ
797 2190 856 2245 δὲ
896 2194 1290 2261 συστηματικάε
1332 2193 1704 2260 συστηματικὰ
1742 2193 1845 2259 γὰρ
1880 2190 1949 2243 ἂν

261 2279 342 2342 εἴη
392 2281 769 2326 κοινωνοῦντα
817 2283 932 2335 τοῖς
984 2275 1116 2326 κατὰ
1166 2276 1368 2342 στίχον.
1447 2274 1538 2325 διὰ
1586 2270 1687 2342 μὲν
1738 2274 1840 2340 γὰρ
1889 2273 1948 2324 τὸ

195 2375 235 2407 25
262 2354 322 2407 ἐν
360 2364 475 2417 τοῖς
519 2358 772 2417 παλαιοῖς
818 2355 1181 2424 ἀντιγράφοις
1224 2355 1359 2407 κατὰ
1400 2355 1502 2407 δύο
1544 2354 1680 2422 ὁρᾶν
1718 2372 1949 2421 παραγε-

261 2435 565 2504 γραμμένα,
619 2437 799 2505 ὥσπερ
848 2435 909 2488 ἐν
954 2442 1290 2507 περιορισμῷ
1341 2439 1678 2504 συστήματα,
1726 2433 1949 2503 προσέτι

261 2518 349 2569 καὶ
428 2518 520 2569 διὰ
588 2518 648 2569 τὸ
718 2514 891 2586 μηδὲν
961 2518 1314 2583 εὑρίσκεσθαι
1386 2517 1630 2585 ἀριθμοῦ
1691 2523 1947 2583 περιττοῦ

381 2681 531 2721 8—15
564 2677 679 2733 prol.
706 2677 848 2734 Long.
875 2692 919 2733 p.
947 2681 1016 2731 84,
1036 2682 1175 2733 5sqq.

382 2814 406 2851 3
440 2808 570 2864 ἕτερα
603 2812 648 2854 Ρ
690 2811 704 2865 ΙΙ
754 2814 805 2852 13
847 2811 954 2865 post
991 2808 1138 2866 μόνου
1172 2811 1219 2853 et·
1254 2815 1305 2852 14
1339 2811 1446 2866 post
1478 2810 1555 2853 καὶ
1589 2811 1634 2852 et
1666 2811 1772 2865 post
1803 2808 1948 2863 μόνου

261 2867 613 2970 Σὲᾊέἳξὲὶὲὸὶαᾱᾶ.
648 2875 728 2912 τοῦ
753 2871 767 2924 ΙΙ
794 2873 846 2911 17
879 2875 961 2912 τοῦ
995 2883 1082 2912 om.
1112 2869 1172 2911 M
1199 2871 1294 2924 1120
1326 2869 1497 2912 lemma
1529 2867 1676 2911 voluit
1709 2867 1835 2912 Caes.
1869 2868 1948 2911 καὶ
