2090 3158
874 139 1207 181 PRAEFATIO
1802 135 1888 179 VII

201 275 253 327 δὲ
298 284 396 326 τῶν
442 277 762 326 δακτυλικῶν.
840 278 1052 340 Reliqua
1091 277 1225 326 foliis
1266 276 1532 338 deperditis
1573 291 1692 324 casu
1737 276 1887 324 inter-

198 351 362 400 ierant
410 351 532 413 iam,
585 367 695 400 cum
745 351 942 399 saeculo
984 351 1102 399 XIV
1151 351 1302 399 codex
1339 350 1461 398 Ven.
1502 350 1738 397 Marcian.
1780 350 1884 398 483

200 420 283 492 (de
322 441 419 488 quo
459 426 590 473 infra
628 441 790 487 pauca
828 426 1006 486 dicam,
1043 426 1190 487 plura
1229 425 1481 472 enarravit
1521 423 1887 472 Studemundus

198 501 251 547 in
289 499 391 547 AV
423 499 447 547 Ι
485 516 531 562 p.
562 501 664 547 165
685 492 814 564 sqq.)
856 515 913 547 ex
951 499 1001 547 A
1041 499 1315 561 descriptus
1354 501 1442 546 est.

309 598 359 644 2.
399 595 483 643 fol.
512 595 813 643 921—151*
834 589 1199 657 (Ηφαιστίωνος
1237 585 1522 660 ε’γχειρίδῖον
1562 591 1671 659 περὶ
1703 591 1887 657 μέτρων

198 671 251 717 in
289 669 384 717 fine
424 669 671 717 mutilum.
733 668 979 717 Ultimum
1018 669 1222 717 verbum
1261 668 1371 716 folii
1405 669 1536 716 151V
1567 670 1643 716 est
1681 665 1888 731 ὃιέχειαν

201 738 271 810 (p.
302 745 384 804 76,
404 737 475 810 6),
516 745 654 792 cuius
702 743 808 790 sola
846 743 1017 791 littera
1056 743 1086 791 ὃ
1125 743 1302 804 dispici
1341 745 1519 803 potest.
1597 742 1728 798 Quot
1766 741 1888 790 folia

198 820 312 880 post
362 818 462 866 151
521 817 786 880 perierint,
834 817 930 865 dici
983 818 1184 878 nequit,
1230 833 1384 864 unum
1436 818 1537 863 iam
1585 818 1731 863 antea
1776 818 1889 877 post

202 893 304 940 143
342 914 407 929 ==
442 908 490 952 p.
525 893 615 951 66,
645 892 882 952 17-67,
912 893 976 939 17
1033 891 1238 939 interiit.
1315 891 1445 938 Raro
1493 892 1776 938 contextum
1826 889 1887 937 ab

197 960 277 1014 A1
327 966 565 1027 scriptum
616 966 827 1013 correxit
877 965 1034 1014 altera
1087 980 1262 1013 manus
1310 981 1346 1012 s.
1386 963 1504 1011 XIV
1544 957 1702 1030 (ΑΞ),
1753 966 1887 1011 ante-

199 1056 349 1102 quam
403 1039 553 1087 codex
599 1040 657 1086 K
696 1055 754 1086 ex
799 1038 848 1086 A
895 1040 1170 1101 descriptus
1218 1041 1305 1086 est.
1352 1066 1424 1071 —
1469 1038 1529 1086 In
1582 1037 1889 1102 marginibus

199 1116 250 1162 et
294 1113 619 1162 exterioribus
667 1114 716 1160 et
760 1113 1080 1162 interioribus
1128 1107 1293 1180 (nobis
1331 1106 1442 1178 Αἰ),
1487 1128 1688 1174 perraro
1736 1112 1888 1159 etiam

198 1188 328 1236 inter
364 1188 523 1236 lineas
563 1181 680 1254 (ΑΩ)
722 1189 908 1249 scripta
956 1190 1071 1236 sunt
1109 1187 1295 1235 scholia
1336 1186 1481 1234 certis
1520 1187 1651 1234 notis
1692 1186 1755 1233 ad
1784 1188 1888 1233 tex-

198 1269 281 1310 tus
334 1262 486 1310 verba
538 1262 711 1309 relata.
790 1261 914 1310 Post
963 1262 1237 1322 fol.113v‚
1293 1260 1426 1323 quod
1480 1261 1580 1307 exit
1632 1260 1685 1307 in
1738 1260 1888 1308 verba

200 1332 328 1401 (cap.
361 1330 429 1402 X)
470 1352 514 1398 p.
544 1337 628 1396 32,
649 1337 714 1383 15
750 1330 877 1400 ἡνίχ’
908 1333 934 1385 ὅ
968 1334 1113 1399 μαινό
1149 1330 1154 1402 ξ
1189 1351 1347 1396 neque
1387 1350 1516 1382 nunc
1548 1334 1735 1382 scholia
1773 1337 1889 1382 sunt

198 1427 357 1472 neque
395 1425 617 1472 unquam
655 1410 822 1471 fuisse,
863 1425 1167 1472 quamquam
1205 1409 1487 1472 marginum
1525 1408 1741 1456 maxima
1772 1423 1887 1470 pars

198 1485 278 1532 vel
323 1486 515 1532 resecta
559 1485 640 1532 vel
688 1484 860 1531 charta
906 1483 1103 1532 novicia
1150 1483 1362 1531 obducta
1409 1486 1505 1543 est,
1553 1499 1608 1531 eo
1648 1482 1890 1544 probatur

200 1558 332 1621 quod
370 1574 431 1604 ne
470 1559 523 1605 in
563 1559 796 1605 contextu
829 1557 1027 1619 quidem
1067 1559 1240 1620 postea
1280 1557 1423 1620 signa
1454 1556 1889 1618 deprehenduntur

201 1630 381 1694 quibus
422 1631 485 1678 ad
526 1631 711 1679 scholia
751 1631 1044 1694 delegemur.

308 1720 625 1782 Descriptum
674 1736 776 1769 esse
826 1720 1043 1769 codicem
1081 1719 1130 1767 A
1175 1721 1255 1768 vel
1302 1720 1406 1768 eius
1458 1721 1784 1782 archetypum
1831 1736 1888 1766 ex

198 1793 362 1843 codice
415 1794 701 1842 maiusculis
763 1794 944 1842 litteris
1000 1796 1202 1843 exarato
1254 1793 1619 1842 Studemundus
1678 1794 1888 1842 coniecit

198 1867 450 1930 perpensis
500 1867 622 1916 locis
668 1886 715 1931 p.
751 1871 805 1929 2,
833 1869 862 1916 6
913 1864 1019 1934 (καὶ
1066 1866 1140 1917 ἀεὶ
1188 1861 1409 1936 ῥᾳδίως).
1474 1870 1565 1928 50,
1594 1869 1659 1916 13
1707 1861 1886 1934 (θεοί).

201 1943 381 2004 61,1Ο
420 1935 703 2010 (μελιωπαις
744 1943 804 1990 cf.
840 1945 1018 2004 23,17
1061 1935 1206 2008 ἅτοι).

312 2029 433 2078 Cum
489 2031 639 2079 codex
692 2029 742 2077 A
795 2031 1018 2080 bonitate
1074 2033 1260 2080 ceteros
1318 2031 1470 2078 libros
1525 2033 1887 2092 manuscriptos

199 2120 365 2153 omnes
421 2104 543 2153 adeo
599 2107 821 2166 superet,
874 2108 932 2153 ut
984 2105 1037 2153 in
1090 2105 1182 2153 hoc
1229 2106 1329 2153 fere
1382 2106 1486 2153 solo
1535 2107 1584 2153 et
1631 2105 1887 2153 enchiridii

197 2178 353 2241 ipsius
401 2181 451 2226 et
497 2179 794 2227 scholiorum
834 2179 880 2226 A
919 2172 1085 2246 (nobis
1133 2172 1343 2244 schol.A)
1391 2179 1550 2241 partis
1596 2180 1776 2242 prioris
1814 2179 1886 2226 ni-

197 2255 335 2301 tatur
372 2253 604 2314 recensio,
645 2269 701 2301 eo
741 2255 900 2316 magis
939 2269 1029 2302 nos
1068 2255 1221 2318 piget,
1262 2253 1393 2315 quod
1432 2270 1531 2302 non
1570 2253 1715 2302 modo
1751 2253 1886 2300 scho-

198 2327 380 2374 liorum
433 2328 710 2389 permultae
758 2327 969 2386 litterae,
1019 2329 1103 2375 sed
1144 2328 1295 2375 etiam
1334 2329 1590 2376 contextus
1630 2320 1707 2394 (in
1753 2327 1886 2375 foliis

203 2402 497 2451 149—151
539 2418 586 2463 p.
624 2403 714 2462 73,
744 2404 771 2448 7
813 2417 858 2449 v.
898 2399 1154 2450 ἑκκαίδεκα
1198 2429 1259 2434 -
1310 2403 1399 2463 ῖ6,
1426 2402 1455 2448 6
1506 2395 1735 2467 διέχειαν)
1785 2404 1886 2449 sive

198 2477 402 2536 propter
441 2476 664 2522 chartam
702 2475 948 2523 noviciam
988 2476 1182 2538 glutine
1214 2476 1478 2523 obductam
1514 2476 1616 2538 legi
1646 2491 1744 2524 non
1775 2491 1884 2538 pos-

201 2551 315 2596 sunt
360 2549 462 2596 sive
501 2550 730 2596 fenestris
774 2549 983 2597 haustae
1023 2552 1293 2611 perierunt.
1373 2549 1470 2597 Sed
1508 2549 1748 2597 habemus
1789 2566 1884 2611 quo

198 2621 328 2670 hunc
367 2638 535 2671 casum
578 2638 820 2671 sanemus.

312 2720 359 2765 2.
407 2718 509 2767 cod.
542 2718 761 2766 Venetus
810 2718 1089 2768 Marcianus
1139 2718 1555 2768 OOCCLXXXIII
1607 2721 1659 2767 in
1714 2719 1886 2767 charta
1923 2720 1977 2766 K

198 2790 494 2854 bombycina
532 2793 720 2840 formae
761 2795 965 2840 octavae
1006 2808 1130 2841 saec.
1162 2793 1279 2840 XIV
1317 2793 1468 2841 variis
1507 2793 1734 2842 manibus
1774 2809 1883 2840 exa-

198 2868 359 2926 ratus3
399 2867 458 2914 cf.
501 2865 811 2914 Studemund
849 2866 949 2913 AV
987 2867 1013 2914 I
1052 2884 1098 2929 p.
1133 2868 1217 2915 89,
1253 2869 1356 2915 165
1378 2883 1482 2929 sqq.
1562 2867 1794 2915 Continet
1833 2868 1885 2914 in
