2060 3168
518 206 582 247 IV
598 216 631 248 1.
650 216 669 248 2
700 206 845 246 ΠΕΡΙ
874 203 1252 247 ΑΠΟΘΕΣΕΩΣ
1281 204 1527 246 ΜΕΤΡΩΝ
1759 202 1864 255 221

181 339 342 393 πέντε
388 340 492 408 γὰρ
539 336 650 408 ἔχει
696 339 871 401 πόδας
909 338 998 391 καὶ
1038 340 1334 407 συλλαβήν.
1413 337 1510 392 ἐὰν
1549 335 1610 391 δὲ
1648 339 1868 407 τρισύλ-

181 423 347 488 λαβος
393 414 428 491 ᾗ
474 419 504 474 ὁ
557 422 699 483 ποὺς
746 419 775 473 ὁ
823 418 911 473 ἐπὶ
965 427 1065 472 τοῦ
1119 418 1312 482 τέλους
1356 420 1446 472 καὶ
1501 421 1762 482 συνιστὰς
1808 421 1868 472 τὸ

180 510 292 555 πᾶν
337 501 560 571 μέτρον,
609 493 802 570 <οἷον>
841 500 938 554 ἐὰν
976 495 1011 572 ᾗ
1051 501 1408 569 δακτυλικόν,
1457 502 1688 554 δύναται
1728 494 1869 554 εἶναι

179 584 576 652 καταληκτικὸν
616 585 693 646 εἰς
731 583 1031 651 συλλαβήν,
1069 581 1352 635 τουτέστιν
1391 583 1623 635 δύναται
1664 583 1871 634 λείπειν

182 665 286 718 δύο
335 665 636 732 συλλαβάς,
685 658 808 717 οἷόν
855 678 992 734 φησι
1038 664 1206 716 πάλιν
1252 663 1280 716 ὁ
1328 664 1492 726 αὐτὸς
1539 661 1628 717 ἐπὶ
1675 665 1871 716 δακτυ-

183 749 342 799 λικοῦ
381 745 582 816 μέτρου
622 748 682 799 τὸ
721 746 1066 814 παράδειγμα

332 826 392 880 ἐν
433 827 494 880 δὲ
534 828 911 895 Βατουσιάδης
952 825 1357 898 (Archil.104)·

183 910 286 962 δύο
326 910 430 978 γὰρ
470 906 579 978 ἔχει
618 909 792 971 πόδας
830 907 919 961 καὶ
954 909 1237 976 συλλαβὴν
1266 910 1416 977 μίαν,
1455 907 1547 961 καὶ
1578 906 1869 978 τριμέτρου

183 993 343 1053 ὄντος
381 991 414 1058 ἡ
455 988 542 1043 ἐπὶ
581 989 773 1052 τέλους
810 992 906 1056 μιά
944 991 1191 1057 συλλαβὴ
1230 991 1402 1042 τόπον
1440 997 1539 1043 τοῦ
1579 989 1873 1059 τρισυλλά-

182 1075 287 1140 βου
320 1072 595 1124 δακτύλου
627 1073 768 1139 μόνη
802 1070 1202 1140 ἀνεπλήρωσεν.
1254 1069 1341 1123 ἐπὶ
1376 1067 1436 1123 δὲ
1467 1079 1580 1123 τῶν
1602 1070 1872 1123 τοιούτων

182 1153 398 1223 μέτρων
435 1162 547 1205 τῶν
587 1155 890 1205 λειπόντων
931 1150 1021 1204 καὶ
1060 1154 1133 1220 μὴ
1175 1154 1355 1204 ὄντων
1393 1151 1631 1205 ἐντελῶν
1668 1153 1734 1204 τὰ
1771 1148 1873 1218 μὲν

183 1236 331 1304 παρὰ
368 1238 500 1301 μιάν
545 1236 724 1303 μόνην
763 1235 896 1286 ὄντα
935 1234 1221 1301 συλλαβὴν
1261 1232 1472 1301 λέγεται
1511 1234 1873 1302 καταληκτικὰ

187 1319 265 1379 εἰς
318 1317 659 1384 δισύλλαβον
706 1313 984 1385 (κατέληξε
1037 1315 1142 1383 γὰρ
1198 1316 1276 1377 εἰς
1327 1315 1666 1381 δισύλλαβον
1710 1315 1873 1381 πόδα,

187 1398 359 1450 λείπει
414 1397 475 1450 δὲ
529 1398 624 1465 μία
681 1398 953 1464 συλλαβή,
1008 1396 1101 1448 ἵνα
1154 1389 1190 1465 ᾗ
1234 1394 1646 1467 τρισύλλαβος),
1700 1398 1765 1449 τὰ
1813 1396 1874 1448 δὲ

187 1480 334 1548 παρὰ
381 1479 484 1531 δύο
532 1478 808 1544 συλλαβὰς
856 1476 1110 1544 λέγονται
1156 1478 1519 1546 καταληκτικὰ
1558 1479 1636 1540 εἰς
1674 1480 1874 1530 συλλα-

187 1562 318 1628 βήν,
358 1560 440 1612 ὅτι
479 1558 769 1626 κατέληξεν
808 1558 887 1619 εἰς
926 1560 1232 1626 συλλαβήν,
1277 1561 1526 1611 λείπουσι
1566 1555 1627 1611 δὲ
1666 1556 1876 1621 ἔξωθεν

189 1642 290 1694 δύο
332 1642 618 1707 συλλαβαί,
657 1641 751 1692 ἵνα
788 1633 823 1710 ᾗ
861 1639 923 1691 τὸ
963 1647 1074 1692 πᾶν
1111 1639 1496 1707 τρισύλλαβον.

301 1724 412 1775 Διὰ
458 1729 622 1775 τοῦτο
670 1722 774 1790 γὰρ
822 1718 913 1773 καὶ
962 1721 1039 1782 εἰς
1084 1721 1144 1772 τὸ
1189 1718 1318 1783 ἔπος
1357 1722 1634 1789 εἰώθαμεν
1673 1720 1874 1789 λέγειν·

189 1804 386 1872 γένους
430 1803 532 1871 μέν
571 1801 686 1855 ἑστι
735 1803 1005 1855 δυαδικοῦ
1043 1804 1409 1871 τετρασήμου,
1458 1803 1640 1864 εἴδους
1678 1802 1876 1855 δακτυ-

190 1891 366 1953 λικοῦ,
406 1883 679 1952 μεγέθους
719 1882 1012 1950 ἑξαμέτρου
1053 1884 1189 1935 κατὰ
1226 1884 1387 1952 πόδα,
1428 1883 1660 1952 σχέσεως
1698 1903 1875 1937 τακτι-

188 1974 303 2034 κῆς,
336 1964 641 2028 συντάξεως
673 1964 971 2031 συνθέτου,
1012 1963 1330 2027 ἀποθέσεως
1359 1968 1752 2033 καταληκτικῆς
1783 1974 1878 2034 τῆς

189 2051 268 2111 εἰς
321 2048 685 2115 δισύλλαβον,
740 2054 908 2114 τομῆς
960 2046 1199 2114 ῒτῆσδε.
1296 2044 1506 2114 Ἐπειδὴ
1561 2049 1763 2115 κυρίως
1815 2049 1876 2099 τὸ

189 2129 390 2199 μέτρον
443 2136 543 2181 τοῦ
597 2125 764 2189 ἔπους
819 2129 1149 2180 δακτυλικόν
1197 2127 1309 2180 ἐστι
1359 2135 1470 2180 πᾶν
1517 2125 1593 2198 (εἰ
1637 2129 1739 2197 γὰρ
1786 2127 1874 2180 καὶ

193 2319 274 2364 Ch·
308 2258 640 2373 1-§-(13080hol.A
674 2262 780 2312 113,
807 2263 861 2301 22
917 2260 931 2315 ΙΙ
987 2263 1040 2300 18
1060 2272 1157 2314 sqq.
1191 2258 1278 2302 An.
1304 2257 1409 2301 Vat.
1436 2257 1527 2300 AV
1553 2262 1607 2301 97
1642 2263 1666 2311 ξ
1695 2265 1732 2302 1.
1789 2259 1875 2302 Α11.

261 2334 301 2363 18

312 2428 335 2466 1
370 2422 448 2465 καὶ
482 2420 708 2479 συλλαβὴν
740 2435 827 2464 om.
864 2421 909 2465 U
946 2422 960 2476 ΙΙ
1004 2425 1029 2463 2
1063 2420 1138 2464 ἐπὶ
1169 2420 1408 2475 Mendela„
1441 2420 1535 2464 ἀπὸ
1569 2421 1701 2464 codd.
1747 2422 1752 2478 1
1795 2429 1877 2467 τοῦ

193 2483 396 2537 0111,Πὶ
437 2488 662 2524 συνιστῶν
695 2481 749 2524 K
782 2482 788 2535 Ι
828 2472 876 2537 ᾗ]
909 2477 937 2535 ἢ
973 2481 1022 2532 U,
1056 2480 1149 2524 ἔστι
1182 2481 1236 2524 K
1261 2482 1275 2536 ΙΙ
1308 2484 1333 2522 3
1367 2477 1468 2523 οἷον
1502 2479 1594 2524 ἔστι
1624 2480 1676 2524 τὸ
1710 2480 1839 2525 Stud.
1866 2484 1879 2539 Η

194 2546 219 2584 5
253 2541 318 2591 εἰς
349 2541 435 2584 δύο
472 2542 528 2594 U3
563 2539 618 2583 cf.
646 2544 744 2592 224,
765 2543 790 2581 2
822 2541 836 2595 ΙΙ
869 2543 893 2581 9
928 2538 954 2595 ἡ
988 2553 1074 2583 om.
1102 2540 1156 2582 K
1182 2541 1195 2595 ΙΙ
1229 2544 1283 2582 10
1316 2537 1610 2594 ἀνεπλήρωσε
1640 2538 1759 2597 μόνη
1793 2542 1873 2597 K!

192 2607 283 2644 τῶν
317 2600 482 2643 0111.ῖῖ
520 2603 533 2654 ΙΙ
579 2604 630 2642 12
667 2596 814 2654 μόνην
846 2612 934 2641 om.
964 2600 1016 2642 K
1061 2598 1066 2656 Ι
1110 2598 1339 2656 συλλαβὴν
1371 2597 1484 2642 ὄντα
1517 2599 1571 2641 Κ
1609 2600 1623 2654 ΙΙ
1672 2603 1724 2642 15
1756 2599 1879 2656 λέγε-

193 2676 271 2703 ται
308 2658 643 2714 καταληπτικὸν
676 2658 720 2701 U
766 2660 781 2713 11
837 2662 890 2700 16
923 2655 1066 2701 λείπει
1102 2659 1146 2702 U
1190 2659 1204 2714 ΙΙ
1260 2662 1312 2701 17
1355 2651 1383 2715 ᾖ
1421 2671 1509 2701 om.
1545 2657 1588 2701 U
1634 2659 1649 2714 Η
1704 2663 1758 2701 18
1798 2661 1877 2703 καὶ

195 2732 283 2761 0111.
310 2719 363 2762 K
382 2721 395 2774 ΙΙ
421 2723 475 2761 20
508 2715 658 2766 πόδας
692 2717 736 2761 U
751 2719 765 2772 ΙΙ
790 2721 844 2758 22
876 2722 1019 2772 τομῆς
1048 2719 1180 2772 τῆςδε
1212 2731 1298 2760 om.
1337 2718 1394 2770 U;
1428 2729 1710 2772 quamquam
1741 2734 1796 2775 τη
1778 2722 1878 2764 σδε

194 2790 457 2833 perversum
498 2779 588 2828 est
627 2775 742 2831 τομὴ
784 2775 1037 2819 desiderari
1080 2775 1367 2845 116ῳ11ὓ·ο1“
1402 2775 1492 2818 AV
1518 2780 1595 2829 97ς
1643 2778 1727 2819 Α11.
1755 2776 1876 2822 Ohis.

195 2841 220 2890 ξ
247 2841 301 2879 10
330 2839 336 2891 Ι
365 2838 474 2878 ante
508 2835 664 2890 ἐπειδη
691 2834 909 2877 Hoersch.
935 2834 1133 2877 inseruiss
1165 2834 1318 2886 εἴδους
1350 2835 1433 2890 μὲν
1466 2831 1551 2878 οὖν
1585 2835 1677 2878 ἐστι
1709 2839 1878 2882 δακτυ-

195 2898 339 2947 λικοῦ,
374 2895 453 2938 sed
485 2895 670 2938 videtur
701 2893 1031 2937 anacoluthum
1064 2907 1156 2937 non
1189 2893 1448 2937 sanandum
1472 2895 1486 2949 Η
1512 2898 1684 2936 22-23
1710 2894 1879 2950 κυρίως

196 2952 472 2997 δακτυλικόν
506 2953 593 2996 ἐστι
628 2960 710 2996 τοῦ
745 2953 884 3002 ἔπους
914 2953 964 2996 τὸ
999 2952 1163 3008 μέτρον
1196 2956 1301 3009 (om.
1335 2955 1446 3009 πᾶν)
1482 2954 1535 2996 K

1898 1093 1940 1125 10

1900 1500 1941 1532 15

1900 1907 1943 1938 20
