2060 3168
221 167 330 219 430
650 171 941 210 ADDENDA
973 171 1049 211 ET
1081 170 1472 213 CORRIGENDA

551 522 912 575 ADDENDA
951 523 1045 575 ET
1087 522 1572 579 CORRIGENDA.

218 639 259 679 p.
286 630 326 678 1,
347 630 368 666 1
402 625 451 667 in
483 640 574 681 mg.
611 623 699 667 del.
734 629 773 666 3.

219 727 243 745 ,‚
287 696 355 744 11,
375 695 430 734 20
455 691 560 734 adn.
589 691 646 733 de
679 691 777 734 cod.
805 692 850 735 A
880 690 1013 749 legas
1044 692 1181 736 haec:
1215 690 1369 736 παίων
1394 694 1439 736 A
1471 693 1520 736 in
1544 708 1612 737 vv.
1639 698 1709 738 20.
1735 699 1806 737 22.
1832 699 1902 738 24.

336 762 391 800 25
424 759 471 800 et
503 761 573 811 38,
594 762 661 810 17,
694 758 860 813 postea
889 757 1018 801 velut
1049 762 1120 811 40,
1140 762 1165 800 7
1197 771 1379 816 semper
1410 760 1575 804 παιών.

219 860 242 875 ‚.
287 829 355 877 13,
377 828 430 867 15
456 824 561 867 adn.
597 824 737 867 adde:
773 823 829 866 cf.
857 816 1015 868 Choer.
1044 829 1143 878 221,
1165 830 1232 868 10.

218 926 242 943 .,
287 895 355 943 16,
374 896 399 934 6
427 891 532 934 adn.
565 890 690 946 lege:
725 888 968 940 κατάκλειε·
998 891 1047 934 in
1072 892 1184 936 ΑΗ
1211 905 1391 948 semper
1413 893 1688 949 barytonon,
1720 893 1770 937 in
1796 891 1902 937 reli-

334 956 440 1012 quis
472 959 719 1012 oxytonon.
752 983 812 990 —
840 957 969 1000 Idem
1000 957 1252 1015 legendum
1285 962 1354 1011 20,
1375 963 1442 1002 14.
1477 963 1547 1012 29,
1565 964 1604 1003 5.
1625 965 1709 1013 30,
1729 964 1798 1004 11,

217 1059 242 1075 ,,
284 1028 354 1077 38,
375 1029 427 1066 12
455 1023 561 1068 adn.
597 1024 737 1068 adde:
771 1023 972 1078 ἱερεῦσιν
1004 1026 1049 1068 Ρ
1077 1026 1195 1082 (Οἳ),
1230 1025 1399 1079 ἱερεῦσι
1432 1026 1586 1070 ΑΙΗ.

215 1125 240 1139 ,,
283 1094 353 1144 38,
373 1095 427 1132 14
459 1091 564 1134 test.
597 1090 721 1148 lege:
762 1090 823 1133 M.
851 1091 970 1134 vict.
998 1095 1067 1144 93,
1095 1096 1150 1134 23
1192 1092 1375 1147 (musici
1414 1092 1671 1137 ἀνάκλασιν
1703 1095 1900 1150 vocaniz).

218 1192 239 1205 .,
283 1161 354 1210 45,
374 1162 396 1199 1
430 1156 460 1199 l.
492 1155 617 1208 Διός.

216 1259 240 1273 .‚
281 1228 352 1277 49,
373 1228 439 1266 14.
469 1228 523 1267 15
555 1237 639 1280 pro
673 1228 741 1266 80.
777 1228 829 1266 81
865 1223 970 1280 lege
1004 1224 1095 1268 79¹⁰.
1131 1229 1198 1267 80.

216 1325 239 1343 ,,
283 1294 397 1346 53,6
429 1290 479 1333 in
510 1306 602 1348 mg.
636 1304 720 1347 pro
753 1296 780 1334 4
811 1291 915 1348 lege
949 1295 1016 1335 54.

218 1392 242 1401 ..
283 1361 354 1411 54,
374 1361 428 1400 18
460 1356 490 1400 l.
526 1355 699 1406 Ξενίου
732 1357 926 1413 νόμοισι.

215 1459 239 1473 ,,
282 1428 395 1477 55,2
428 1423 457 1467 l.
492 1422 839 1480 ξυνεγιγνόμην.

216 1526 240 1543 .,
282 1495 352 1545 57,
372 1495 397 1532 2
424 1490 530 1534 adn.
565 1491 707 1535 adde:
744 1488 1147 1548 λιγουροκωτίλαις
1179 1491 1369 1541 ἐνοπαῐς
1398 1491 1586 1534 Wilam.
1621 1490 1899 1546 (Choriamb.

331 1557 502 1600 Dimet.
537 1557 607 1601 in:
642 1557 954 1615 Sitzungsber.
989 1558 1030 1601 d.
1057 1557 1177 1600 Berl.
1204 1557 1291 1600 Ak.
1324 1563 1437 1601 1902
1469 1573 1514 1614 p.
1541 1559 1658 1614 882),
1690 1559 1900 1613 λιγουρο-

333 1621 524 1681 κωτίλης
557 1624 727 1680 ἐνοπῆς
759 1625 891 1667 codd.

216 1726 239 1732 ..
281 1695 351 1744 65,
370 1694 395 1733 5
428 1697 510 1734 τοῦ
543 1690 794 1734 delendum
827 1691 967 1748 (inest
997 1691 1047 1734 in
1078 1691 1177 1734 solo
1212 1692 1282 1749 G).

214 1793 238 1809 „
281 1760 350 1811 69,
372 1762 424 1799 14
458 1758 564 1801 adn.
599 1757 740 1802 adde:
783 1758 889 1815 δύο]
929 1758 979 1801 in
1011 1759 1056 1801 A
1095 1761 1156 1802 πλ
1193 1772 1298 1801 oum
1331 1757 1476 1814 signis
1507 1759 1745 1811 notarum,
1777 1769 1899 1811 quae

331 1821 524 1867 πλείονα
557 1825 822 1880 significare
853 1825 1083 1868 videntur.

215 1925 238 1942 ,,
283 1894 394 1944 75,3
427 1904 511 1946 pro
547 1890 572 1947 ἡ
605 1891 636 1933 l.
667 1890 704 1934 ὁ.

215 1992 239 2008 ,,
283 1959 394 2010 76,6
428 1957 534 2001 adn.
569 1957 710 2001 adde:
756 1957 875 2001 κατὰ
919 1961 948 2002 ὃ
973 1993 1204 2002 .......
1249 1959 1486 2001 extremae
1527 1957 1715 2001 litterae
1758 1956 1809 1999 in
1851 1956 1896 2000 A

332 2023 409 2066 fol.
440 2028 560 2066 151V.

214 2125 238 2141 .,
281 2094 393 2144 87,9
427 2104 511 2145 pro
546 2091 630 2149 οὐχ
661 2091 690 2134 l.
726 2091 794 2134 οὐ.

214 2193 238 2209 ,,
282 2161 365 2198 114
399 2157 504 2199 adn.
539 2171 621 2213 pro
655 2162 829 2200 23—24
861 2157 889 2200 1.
926 2162 1114 2200 22—-23,

214 2259 238 2276 „
282 2227 379 2277 143,
397 2228 449 2265 18
474 2230 580 2280 χαῖρ
607 2219 641 2267 ὦ
666 2224 715 2266 in
733 2226 782 2268 D
805 2225 928 2267 inest
943 2226 1064 2268 teste
1079 2223 1503 2267 Hoersehelmanno
1522 2224 1697 2280 (omisit
1713 2223 1894 2281 Denig).

215 2326 239 2342 .,
283 2293 380 2342 170,
399 2294 424 2331 2
456 2304 540 2346 pro
572 2290 670 2334 Alc.
698 2296 723 2334 2
755 2291 784 2334 l.
810 2290 908 2334 Alc.
937 2296 978 2345 5,
999 2298 1036 2334 1.

214 2393 237 2403 .,
279 2360 378 2407 263,
399 2360 453 2398 20
487 2358 592 2399 adn.
628 2358 769 2401 adde:
801 2357 862 2400 Io.
891 2357 979 2400 Sic.
1007 2356 1128 2400 RhG
1153 2357 1215 2400 VI
1240 2361 1455 2399 492—96.
