2090 3158
1 337 92 395 (88)

0 1637 91 1695 (8⁹)

732 198 1197 239 ΠΡΟΛΕΓΟΜΕΝΑ
1709 199 1733 248 1
1743 197 1774 249 8
1783 197 1810 249 1

236 331 286 384 4.
338 329 836 400 Ἐπιγέγραπται
876 330 934 385 δὲ
975 333 1035 385 τὸ
1074 332 1253 402 παρὸν
1285 332 1614 401 σύγγραμμα
1652 332 1819 402 ἐγχει-

127 413 336 479 ρίδιον,
391 411 424 479 ἢ
471 413 581 478 ὅτι,
636 415 818 483 ὥσπερ
873 414 934 466 τὸ
990 411 1324 482 ἐγχειρίδιον
1372 415 1530 481 ξίφος
1584 411 1680 476 ὀξὺ
1728 412 1819 466 καὶ

125 495 385 561 τμητικόν
441 493 615 560 ἐστιν,
672 495 846 556 οὕτως
900 495 989 547 καὶ
1045 496 1208 547 τοῦτό
1263 492 1415 546 ἐστιν
1471 493 1675 558 ὀξῦνον
1729 495 1819 547 καὶ

125 573 325 641 τέμνον
378 576 480 643 τὴν
536 576 920 629 διδασκαλίαν·
973 577 1034 644 ἥ,
1082 576 1213 642 ὅπερ
1264 577 1517 644 ἄμεινὸν,
1564 576 1711 644 παρὰ
1756 577 1818 628 τὸ

124 657 324 725 μικρὸν
385 651 529 708 εἶναι
590 658 738 709 πάνυ
795 656 1084 726 (ἐπιτομὴν
1138 658 1241 725 γὰρ
1303 665 1539 709 ποιεῖται
1593 665 1705 709 τῶν
1759 656 1820 709 ἐν

123 738 314 790 πλάτει
362 738 510 809 αὐτῷ
558 737 884 809 εἰρημένων)
938 741 1052 807 καί,
1108 740 1179 800 ὥς
1227 752 1401 807 φησιν
1447 737 1479 806 ἡ
1529 741 1819 806 συνήθεια,

124 820 271 888 παρὰ
310 820 370 871 τὸ
412 818 474 872 ἐν
512 821 702 889 χερσὶν
741 818 908 890 ἔχειν·
949 819 1093 873 οὕτω
1134 821 1237 890 γὰρ
1278 820 1367 872 καὶ
1409 819 1437 872 6
1464 817 1819 888 “Ηλιόδωρος,

124 903 358 968 ποιήσας
418 901 507 953 καὶ
569 901 733 964 αὐτὸς
788 901 1120 971 ἐγχειρίδιον
1174 902 1297 969 περὶ
1352 900 1591 971 μέτρων,
1647 902 1821 970 φησὶν

125 980 424 1050 ἀρχόμενος
470 992 607 1045 τοῖς
654 982 1092 1050 βουλομένοις
1138 982 1206 1036 ἐν
1253 983 1479 1052 χερσὶν
1528 985 1702 1051 ἔχειν
1748 983 1821 1035 τὰ

125 1063 745 1131 κεφαλαιωδέστατα
791 1073 900 1134 τῆς
946 1073 1254 1134 μετρικῆς
1300 1067 1587 1133 θεωρίας
1625 1065 1715 1117 καὶ
1755 1065 1820 1117 τὰ

125 1143 259 1212 ἑξῆς.
309 1176 377 1182 -
420 1144 627 1199 Ἰστεόν
674 1145 722 1199 δ’
763 1147 845 1200 ὅτι
894 1142 1083 1216 [οὗτος
1130 1146 1157 1200 6
1192 1145 1557 1215 Ἡλιόδωρος]
1597 1155 1821 1216 πρῶτον

125 1225 346 1295 ἐποίησε
377 1228 501 1295 περὶ
534 1226 750 1294 μέτρων
782 1227 877 1297 μη’
908 1231 1114 1298 βιβλία,
1155 1223 1264 1281 εἷθ’
1293 1227 1531 1296 ὕστερον
1564 1227 1821 1296 ἐπέτεμεν

125 1308 265 1360 αὐτὰ
305 1310 383 1371 είς
422 1308 642 1377 ἕνδεκα,
691 1306 807 1361 εἶτα
856 1310 1026 1362 πάλιν
1066 1311 1144 1371 εἰς
1183 1312 1330 1376 τρία,
1379 1303 1494 1362 εἶτα
1532 1308 1704 1361 πλέον
1743 1311 1822 1371 εἰς

125 1388 210 1456 ἕν,
258 1397 424 1442 τοῦτο
471 1390 531 1442 τὸ
581 1389 927 1459 ἐγχειρίδιον.
1004 1391 1152 1459 παρὰ
1193 1392 1254 1443 τὸ
1302 1391 1503 1459 μικρὸν
1543 1386 1647 1443 οὖν
1687 1390 1820 1443 αὐτὸ

125 1465 268 1523 εἶναι
319 1472 407 1523 καὶ
458 1470 518 1523 ἐν
557 1480 675 1533 ταῖς
714 1472 904 1540 χερσὶν
944 1472 1180 1540 εὐχερῶς
1219 1470 1492 1541 φέρεσθαι
1533 1471 1820 1540 ἐπιγέγρα-

125 1570 254 1604 πται
295 1551 640 1621 ἐγχειρίδιον.

238 1631 286 1686 5.
335 1639 711 1700 Διαιρεῖται
753 1630 812 1686 δὲ
854 1635 931 1696 εἰς
971 1634 1098 1686 δύο·
1137 1635 1228 1687 καὶ
1268 1633 1329 1687 ἐν
1369 1631 1470 1702 μὲν
1508 1642 1583 1705 τῷ
1622 1636 1820 1706 πρώτῳ

127 1715 486 1782 διαλαμβάνει
540 1715 664 1784 περὶ
720 1718 1090 1784 συλλαβῶν,
1147 1716 1228 1768 ὅτι
1282 1724 1430 1769 πᾶσα
1486 1718 1733 1785 συλλαβὴ
1789 1717 1821 1785 ἢ

124 1796 352 1864 βραχεῖά
392 1795 545 1848 ἐστιν
584 1796 616 1865 ἢ
656 1797 837 1865 μακρὰ
876 1797 908 1866 ἢ
948 1800 1133 1866 κοινή,
1180 1798 1270 1850 καὶ
1318 1798 1443 1868 περὶ
1484 1812 1821 1866 συνεκφω-

126 1880 391 1946 νήσεως,
447 1877 565 1945 ἥτις
619 1878 832 1946 λέγεται
887 1879 975 1931 καὶ
1033 1883 1334 1948 συνίζησις·
1390 1874 1505 1932 εἶτα
1556 1880 1646 1932 καὶ
1692 1880 1817 1947 περὶ

124 1959 343 2011 ποδῶν
388 1959 476 2011 καὶ
524 1960 649 2029 περὶ
697 1960 985 2028 διαφόρων
1030 1959 1282 2029 μέτρων
1323 1961 1407 2014 ὅτι
1447 1959 1599 2014 ἐστιν
1641 1963 1817 2029 ἰαμβι-

125 2041 226 2093 κὸν
271 2040 565 2109 τροχαῖκὸν
613 2042 944 2093 δακτυλικὸν
993 2043 1218 2094 ι’ωνικὸν
1263 2045 1360 2095 καί
1406 2062 1532 2094 τινα
1578 2050 1818 2095 τοιαῦτα.

125 2119 186 2173 ἐν
234 2118 293 2173 δὲ
348 2128 424 2192 τῷ
481 2121 719 2194 δευτέρω
774 2123 899 2192 περὶ
946 2133 1058 2175 τῶν
1106 2123 1683 2191 ἀντιπαθούντων,
1734 2124 1819 2177 ὅτι

126 2197 286 2264 οὗτος
318 2201 346 2254 6
378 2205 519 2264 ποὺς
549 2201 671 2275 τῷδ’
704 2203 1016 2272 ἆντιπαθεῖ,
1049 2197 1173 2257 οἷον
1205 2204 1233 2257 6
1267 2213 1520 2274 τροχαῖος
1547 2211 1620 2277 τῷ
1642 2206 1817 2276 ι’άμβω

125 2282 422 2336 ἀντίκειται
469 2285 558 2336 καὶ
606 2283 634 2336 6
683 2286 974 2348 σπονδεῖος
1019 2292 1096 2357 τῷ
1135 2290 1431 2358 πυρριχίω,
1481 2285 1510 2338 6
1551 2286 1820 2349 δάκτυλος

126 2371 199 2436 τῷ
240 2365 556 2436 ἀναπαίστῳ
597 2369 692 2417 καί
727 2386 852 2418 τινα
890 2374 1138 2419 τοιαῦτα·
1180 2362 1296 2420 εἶτα
1336 2368 1425 2419 καὶ
1465 2368 1588 2436 περὶ
1623 2366 1818 2420 ἀσυν-

126 2449 443 2515 αρτήτων,
492 2447 575 2499 ὅτι
624 2446 933 2500 ἀσύστατον
979 2449 1067 2500 καὶ
1113 2447 1497 2518 ἀσυνάρτητόν
1538 2447 1651 2501 ε’στι
1691 2450 1818 2502 τόδε

247 2627 267 2663 1
306 2622 447 2677 Long.
476 2626 546 2676 86,
566 2627 604 2664 6.
654 2621 828 2665 schoLA
854 2627 924 2676 93,
944 2627 968 2666 3
994 2625 1007 2679 Η
1035 2628 1088 2666 13
1123 2624 1178 2667 cf.
1213 2624 1335 2667 infra
1369 2637 1469 2679 cap.
1496 2623 1600 2666 XIII
1625 2623 1726 2667 init.

246 2773 271 2811 3
304 2769 522 2824 τμητικὸν
556 2769 602 2823 S,
634 2770 850 2813 τακτικὸν
884 2771 994 2815 RK
1043 2774 1056 2826 ΙΙ
1112 2776 1136 2814 6
1171 2786 1314 2827 φησιν
1347 2785 1403 2814 ex
1435 2785 1580 2826 φασιν
1614 2785 1726 2814 corr.
1754 2773 1816 2826 K,

129 2841 274 2880 φασιν
306 2828 352 2871 R
380 2830 385 2883 Ι
417 2833 467 2870 11
504 2825 640 2878 οὗτος
672 2829 694 2872 ὁ
722 2827 1006 2884 (Ηλιόδωρος
1038 2830 1125 2873 del.
1153 2830 1394 2874 Rossbach
1417 2833 1431 2886 ΙΙ
1456 2835 1509 2873 21
1546 2829 1634 2888 ὅτι]
1670 2829 1693 2874 ὃ
1728 2832 1781 2874 K
1804 2833 1818 2887 ΙΙ

130 2890 183 2957 ‘22
216 2887 342 2987 ἕνα]
374 2886 431 2930 τὰ
456 2886 600 2943 Egen.
626 2890 640 2943 ΙΙ
666 2893 720 2931 22
754 2891 861 2943 post
893 2889 1288 2933 ἀντιπαθούντων
1323 2889 1466 2932 desin.
1495 2890 1540 2934 R
1565 2892 1579 2945 ΙΙ
1603 2894 1658 2932 2ss
1691 2889 1815 2947 τινὰ]

128 2959 184 2988 τα
256 2959 359 3002 gen.
1626 2974 1631 2978 ·

1845 1085 1888 1117 10

1846 1491 1886 1523 15

1844 1898 1887 1930 20

1845 2303 1887 2336 25
