2060 3168
259 222 368 274 230
713 224 1022 267 ΓΕΩΡΓΙΟΤ
1053 225 1492 266 ΧΟΙΡΟΒΟΣΚΟΤ

255 357 471 423 ἀρτίου(
533 360 759 412 τούτου(
820 377 878 412 τε
948 360 1034 411 καὶ
1095 363 1380 412 επονδεῑον
1451 361 1535 412 καὶ
1598 359 1939 414 ἀνάπαιστον.

253 443 636 505 καταληκτικὸν
693 443 751 493 δὲ
807 441 898 493 ὅτε
954 442 1078 503 mi,
1133 442 1230 493 τὸν
1284 442 1670 505 παραλήγοντα
1721 442 1941 506 μάλιετα

253 524 346 585 μὲν
387 527 642 588 τροχαῖον
683 524 906 587 δέχεται,
941 522 1044 575 ἕετι
1077 522 1123 574 δ’
1157 522 1247 574 ὅτε
1288 524 1373 574 καὶ
1404 523 1713 588 τρίβραχυν·
1753 523 1842 575 καὶ
1875 524 1941 575 τὰ

249 601 381 671 ἑξῆς·

201 705 219 736 5
357 685 552 736 Εἰπὼν
598 683 723 752 περὶ
770 691 871 736 τοῦ
915 686 1169 752 ιάμβικοῦ
1211 691 1320 736 νῦν
1358 684 1448 736 καὶ
1489 683 1613 753 περὶ
1653 692 1753 737 τοῦ
1794 684 1938 738 ἀντι-

245 771 463 827 παθοῦς
504 765 676 818 αὐτοῦ
717 766 973 833 βούλεται
1013 773 1307 833 τροχαϊκοῦ
1342 767 1639 833 διαλαβεῖν.
1711 766 1793 818 ὅτι
1832 767 1936 835 γὰρ

246 845 543 899 άντιπαθεῖ
592 847 723 899 αὐτὸ
767 840 983 915 δῆλον,
1019 845 1134 899 ἐπεὶ
1174 845 1252 916 [ἐκ
1291 854 1390 899 τοῦ
1431 854 1724 916 τροχαϊκοῦ
1765 847 1935 900 αὐτοῦ

243 927 445 996 μέτρου
503 927 598 980 ἐὰν
645 928 857 997 ἀπάρῃς
904 930 1004 996 τὴν
1050 929 1275 997 πρώτην
1323 930 1629 1001 συλλαβήν,
1680 929 1936 997 ἰαμβικὸν

244 1009 551 1075 εὑρίσκεται
598 1010 994 1078 καταληκτικὸν
1049 1011 1126 1071 εἰς
1180 1011 1485 1076 συλλαβήν·
1540 1010 1631 1062 καὶ
1681 1007 1936 1080 ἔμπαλιν]

175 1112 217 1143 10
242 1088 339 1142 ἐὰν
386 1089 445 1142 ἐκ
492 1098 590 1143 τοῦ
642 1092 900 1159 ἰαμβικοῦ
949 1090 1180 1160 ἐκβάλῃς
1227 1092 1327 1158 τὴν
1373 1091 1595 1160 πρώτην
1636 1093 1934 1159 συλλαβήν,

240 1172 534 1240 τροχαϊκὸν
575 1171 883 1239 εὑρίσκεται
923 1173 1318 1239 κατάληκτικὸν
1359 1173 1436 1233 εἰς
1476 1173 1773 1240 συλλαβήν.

355 1252 552 1306 Ἰστεόν
593 1251 652 1305 δ’
691 1253 775 1305 ὅτι
815 1253 959 1314 τινὲς
1006 1253 1104 1305 τὸν
1143 1262 1402 1322 τροχαῖον
1441 1257 1674 1306 καλοῦσι
1712 1251 1802 1305 καὶ
1844 1274 1933 1321 χο-

241 1343 418 1402 ρεῖον,
467 1334 539 1396 ὡς
588 1333 648 1386 ἐν
694 1343 810 1396 τοῖς
856 1343 1042 1402 χοροῖς
1089 1334 1506 1403 εὑρισκόμενον,
1556 1335 1694 1387 ὅθεν
1741 1333 1830 1387 καὶ
1871 1336 1931 1388 τὸ

240 1416 600 1484 χοριαμβικὸν
639 1414 863 1484 μέτρον,
905 1416 976 1477 ὡς
1016 1416 1289 1484 δείξομεν,
1331 1415 1567 1484 λέγεται,
1607 1417 1668 1468 τὸ
1710 1415 1768 1469 ἐκ
1807 1436 1934 1486 τρο-

174 1518 215 1550 15
241 1499 402 1565 χαίου
441 1496 531 1548 καὶ
574 1497 774 1563 ἰάμβου
815 1499 1192 1563 συγκείμενον.

351 1570 490 1630 Εἶτα
527 1578 723 1630 λοιπὸν
763 1578 925 1640 αὐτὸς
965 1588 1154 1646 σαφῶς
1195 1579 1461 1645 διδάσκει,
1501 1581 1680 1631 πόθεν
1712 1579 1929 1646 σύγκει-

239 1679 326 1711 ται
366 1659 427 1710 τὸ
469 1660 814 1725 καλούμενον
845 1660 1211 1727 Εὐριπίδειον
1243 1660 1275 1728 ἢ
1317 1660 1603 1727 ληκύθιον.
1637 1691 1711 1697 -
1743 1658 1930 1730 (18‚7)

242 1739 426 1792 ι’στεόν
464 1737 525 1792 δὲ
566 1741 648 1793 ὅτι
687 1743 818 1802 τοὺς
856 1743 1150 1809 τραγικοὺς
1183 1742 1466 1809 ληκύθους
1499 1739 1751 1805 ἐκάλουν,
1793 1741 1931 1794 ὅθεν
1965 1749 2060 1804 (156

239 1820 330 1873 καὶ
372 1823 724 1890 Καλλίμαχος
764 1820 905 1893 (98⁰)
947 1823 1120 1890 φησὶν

174 1924 216 1956 20
387 1903 505 1970 ἥτις
542 1904 825 1974 τραγῳδὸς
864 1911 1044 1971 μοῦσά
1084 1906 1478 1971 ληκυθίζουσά*

242 1985 399 2036 ἄλλοι
447 1981 507 2036 δὲ
554 1986 1040 2053 κομποληκύθους·
1095 1984 1146 2054 [ἢ
1196 1985 1281 2037 ὅτι
1321 1985 1514 2051 ὅμοιόν
1554 1984 1666 2037 ε’στι
1706 1991 1779 2056 τῷ
1825 1990 1927 2052 λη-

241 2066 483 2117 κύθιον
531 2065 866 2118 ἀπώλεσεν
915 2063 1610 2137 (Aristoph.Ran.1233)J.
1667 2097 1735 2102 —
1792 2059 1931 2118 Εἶτά

242 2145 386 2213 λέγει
425 2147 602 2199 πολλὰ
642 2149 759 2215 εἴδη
801 2155 900 2199 τοῦ
934 2155 1228 2216 τροχαῑκοῦ
1269 2147 1489 2215 με’τρου,
1531 2157 1721 2215 σαφῶς
1759 2166 1930 2215 πάρα-

242 2227 530 2294 τιθέμενος
599 2229 689 2281 καὶ
751 2230 815 2281 τὰ
877 2230 1287 2298 παραδείγματα
1350 2230 1441 2280 διὰ
1510 2238 1620 2280 τῶν
1683 2231 1931 2296 χρήσεων

175 2330 215 2362 25
243 2307 492 2362 ἑκάστου.

362 2474 386 2511 5
420 2469 594 2514 schol.A
621 2474 718 2524 120,
740 2474 805 2513 16.
845 2472 1253 2526 121‚171118—22
1289 2469 1462 2512 schol.A
1490 2474 1663 2523 122‚24

364 2624 385 2661 1
404 2634 450 2661 τε
469 2632 554 2661 om.
569 2619 636 2673 ΠΗ
654 2622 678 2660 2
705 2617 1144 2672 καταληκτικὸν-4
1171 2616 1273 2672 ἑξῆς
1290 2631 1375 2659 om.
1390 2616 1458 2671 Usss
1477 2621 1500 2658 6
1527 2616 1740 2674 βούλεται
1756 2622 1836 2658 τοῦ
1852 2616 1931 2671 ΚΗ

239 2681 266 2718 7
295 2677 427 2734 αὐτὸ]
454 2678 576 2720 αὐτῶ
596 2679 649 2720 K
668 2679 681 2732 Η
707 2682 731 2719 8
758 2676 944 2734 ἀπάρῃς
964 2675 1190 2733 Egenolff,
1219 2675 1391 2731 ἐπάρης
1415 2677 1487 2730 Ul!
1516 2679 1568 2718 10
1595 2675 1643 2718 ἐκ
1667 2681 1749 2717 τοῦ
1776 2675 1930 2731 ἰαμβι-

242 2743 325 2778 κοῦ
358 2736 524 2791 μέτρου
559 2736 641 2779 ἐὰν
667 2737 717 2779 Κ
743 2738 748 2790 Ι
779 2735 989 2792 ἐκβάλῃς]
1025 2734 1199 2790 ἑπάρης
1230 2736 1303 2789 Ul}
1330 2739 1380 2776 11
1408 2733 1744 2789 καταληκτικὸν
1770 2735 1930 2776 συλλα-

237 2796 325 2851 βῆς
357 2796 399 2838 U
440 2798 454 2850 ΙΙ
504 2800 556 2837 16
591 2794 802 2840 διδάσκει
832 2792 984 2837 πόθεν
1019 2794 1252 2850 σύγκειται
1284 2792 1518 2846 Hoerseh.‚
1551 2793 1601 2835 τὸ
1635 2791 1788 2835 πόθεν
1822 2791 1929 2847 σύγ-

242 2870 390 2896 κειται
437 2853 647 2898 διδάσκει
695 2853 828 2896 codd.
884 2855 897 2908 ΙΙ
955 2858 1005 2895 17
1048 2850 1075 2907 ἢ
1119 2852 1348 2908 ληκύθιον
1398 2853 1505 2894 ante
1543 2851 1594 2894 τὸ
1644 2851 1929 2906 καλούμενον

243 2926 347 2967 pon.
376 2914 429 2956 K
456 2915 468 2968 Η
503 2918 556 2956 18
590 2913 640 2956 δὲ
674 2926 759 2956 om.
798 2914 840 2956 U
872 2914 885 2967 Η
923 2916 976 2954 20
1010 2910 1087 2967 ἤτε
1120 2913 1163 2955 U
1189 2914 1203 2968 Η
1236 2916 1287 2953 21
1324 2911 1718 2966 κομπηληκύθους
1750 2911 1804 2953 K
1833 2911 1838 2965 1
1873 2913 1937 2969 τῷ

239 2970 388 3024 stud,
420 2972 470 3015 τὸ
505 2972 548 3015 U
566 2975 579 3027 ΙΙ
605 2972 734 3029 23f24
765 2969 1098 3026 παραθέμενος
1132 2972 1175 3015 U
