<?xml version="1.0" encoding="UTF-8"?>
<!DOCTYPE html PUBLIC "-//W3C//DTD XHTML 1.0 Transitional//EN"
    "http://www.w3.org/TR/xhtml1/DTD/xhtml1-transitional.dtd">
<html xmlns="http://www.w3.org/1999/xhtml" xml:lang="en" lang="en">
 <head>
  <title>
</title>
<meta http-equiv="Content-Type" content="text/html;charset=utf-8" />
  <meta name='ocr-system' content='tesseract 3.04.00' />
  <meta name='ocr-capabilities' content='ocr_page ocr_carea ocr_par ocr_line ocrx_word'/>
</head>
<body>
  <div class='ocr_page' id='page_1' title='image "./hephaestionisenc00hephuoft_0205.png"; bbox 0 0 2090 3158; ppageno 0'>
   <div class='ocr_carea' id='block_1_1' title="bbox 0 1380 91 1432">
    <p class='ocr_par' dir='ltr' id='par_1_1' title="bbox 0 1380 91 1432">
     <span class='ocr_line' id='line_1_1' title="bbox 0 1380 91 1432; baseline -0.055 0"><span class='ocrx_word' id='word_1_1' title='bbox 0 1380 91 1432; x_wconf 61' lang='lat'><em>221</em></span> 
     </span>
    </p>
   </div>
   <div class='ocr_carea' id='block_1_2' title="bbox 0 1956 101 2021">
    <p class='ocr_par' dir='ltr' id='par_1_2' title="bbox 0 1956 101 2021">
     <span class='ocr_line' id='line_1_2' title="bbox 0 1956 101 2021; baseline 0 -15"><span class='ocrx_word' id='word_1_2' title='bbox 0 1956 101 2021; x_wconf 68' lang='lat'><em>128]</em></span> 
     </span>
    </p>
   </div>
   <div class='ocr_carea' id='block_1_3' title="bbox 596 178 1815 230">
    <p class='ocr_par' dir='ltr' id='par_1_3' title="bbox 596 178 1815 230">
     <span class='ocr_line' id='line_1_3' title="bbox 596 178 1815 230; baseline 0.009 -10"><span class='ocrx_word' id='word_1_3' title='bbox 596 180 741 221; x_wconf 81' lang='grc' dir='ltr'><strong>ΠΕΡΙ</strong></span> <span class='ocrx_word' id='word_1_4' title='bbox 772 178 1142 221; x_wconf 69' lang='grc' dir='ltr'><em>ΠοΙΗΜΑΤῼΝ</em></span> <span class='ocrx_word' id='word_1_5' title='bbox 1173 180 1254 220; x_wconf 90' lang='lat'>111.</span> <span class='ocrx_word' id='word_1_6' title='bbox 1279 180 1343 220; x_wconf 89' lang='lat' dir='ltr'><em>1v</em></span> <span class='ocrx_word' id='word_1_7' title='bbox 1714 178 1815 230; x_wconf 82' lang='grc'><em>171</em></span> 
     </span>
    </p>
   </div>
   <div class='ocr_carea' id='block_1_4' title="bbox 126 306 1822 2272">
    <p class='ocr_par' dir='ltr' id='par_1_4' title="bbox 129 306 1820 463">
     <span class='ocr_line' id='line_1_4' title="bbox 130 306 1820 382; baseline -0.001 -16"><span class='ocrx_word' id='word_1_8' title='bbox 130 313 314 367; x_wconf 85' lang='grc' dir='ltr'><em>αὐτῶν</em></span> <span class='ocrx_word' id='word_1_9' title='bbox 361 313 639 380; x_wconf 85' lang='grc' dir='ltr'><em>ἀνομοίων</em></span> <span class='ocrx_word' id='word_1_10' title='bbox 686 314 889 381; x_wconf 83' lang='grc' dir='ltr'><em>ὄντων,</em></span> <span class='ocrx_word' id='word_1_11' title='bbox 942 306 1064 366; x_wconf 86' lang='grc' dir='ltr'><em>οἷον</em></span> <span class='ocrx_word' id='word_1_12' title='bbox 1111 311 1172 365; x_wconf 81' lang='grc' dir='ltr'><em>ἐν</em></span> <span class='ocrx_word' id='word_1_13' title='bbox 1219 315 1526 382; x_wconf 86' lang='grc' dir='ltr'><em>συστήμασι</em></span> <span class='ocrx_word' id='word_1_14' title='bbox 1565 312 1749 381; x_wconf 89' lang='grc' dir='ltr'><em>τρισὶν</em></span> <span class='ocrx_word' id='word_1_15' title='bbox 1788 313 1820 382; x_wconf 77' lang='grc' dir='ltr'>ἢ</span> 
     </span>
     <span class='ocr_line' id='line_1_5' title="bbox 129 393 1575 463; baseline -0.001 -15"><span class='ocrx_word' id='word_1_16' title='bbox 129 395 280 458; x_wconf 80' lang='grc' dir='ltr'><strong>ὅσοις</strong></span> <span class='ocrx_word' id='word_1_17' title='bbox 318 395 576 463; x_wconf 86' lang='grc' dir='ltr'><em>βούλεται</em></span> <span class='ocrx_word' id='word_1_18' title='bbox 616 393 645 447; x_wconf 91' lang='grc' dir='ltr'>ὁ</span> <span class='ocrx_word' id='word_1_19' title='bbox 684 404 876 462; x_wconf 82' lang='grc' dir='ltr'><em>ποιῶν,</em></span> <span class='ocrx_word' id='word_1_20' title='bbox 917 398 1171 457; x_wconf 87' lang='grc' dir='ltr'><em>κωλικοῖς</em></span> <span class='ocrx_word' id='word_1_21' title='bbox 1210 393 1242 462; x_wconf 79' lang='grc' dir='ltr'>ἢ</span> <span class='ocrx_word' id='word_1_22' title='bbox 1283 403 1575 463; x_wconf 86' lang='grc' dir='ltr'><em>στιχηροῖς.</em></span> 
     </span>
    </p>

    <p class='ocr_par' dir='ltr' id='par_1_5' title="bbox 126 475 1822 1922">
     <span class='ocr_line' id='line_1_6' title="bbox 241 475 1820 552; baseline 0 -16"><span class='ocrx_word' id='word_1_23' title='bbox 241 483 327 551; x_wconf 81' lang='grc'><em>68,</em></span> <span class='ocrx_word' id='word_1_24' title='bbox 354 484 381 534; x_wconf 93' lang='grc'>1</span> <span class='ocrx_word' id='word_1_25' title='bbox 425 475 547 536; x_wconf 85' lang='grc' dir='ltr'><em>οἷον</em></span> <span class='ocrx_word' id='word_1_26' title='bbox 578 483 784 551; x_wconf 82' lang='grc' dir='ltr'><em>&lt;ὄταν&gt;</em></span> <span class='ocrx_word' id='word_1_27' title='bbox 824 484 927 536; x_wconf 86' lang='grc' dir='ltr'><em>δύο</em></span> <span class='ocrx_word' id='word_1_28' title='bbox 964 483 995 551; x_wconf 70' lang='grc' dir='ltr'><em>ἢ</em></span> <span class='ocrx_word' id='word_1_29' title='bbox 1027 485 1257 535; x_wconf 79' lang='grc' dir='ltr'><strong><em>πλείονα</em></strong></span> <span class='ocrx_word' id='word_1_30' title='bbox 1297 483 1533 552; x_wconf 89' lang='grc' dir='ltr'><em>ἀνόμοια</em></span> <span class='ocrx_word' id='word_1_31' title='bbox 1566 483 1820 552; x_wconf 90' lang='grc' dir='ltr'><em>ἀλλήλοις</em></span> 
     </span>
     <span class='ocr_line' id='line_1_7' title="bbox 128 563 1820 634; baseline 0 -17"><span class='ocrx_word' id='word_1_32' title='bbox 128 563 218 617; x_wconf 87' lang='grc' dir='ltr'><em>καὶ</em></span> <span class='ocrx_word' id='word_1_33' title='bbox 259 563 380 632; x_wconf 83' lang='grc' dir='ltr'><em>ἑξῆς</em></span> <span class='ocrx_word' id='word_1_34' title='bbox 419 563 662 634; x_wconf 77' lang='grc' dir='ltr'><em>ἐπαγάγῃ</em></span> <span class='ocrx_word' id='word_1_35' title='bbox 703 572 943 618; x_wconf 88' lang='grc' dir='ltr'><em>τοσαῦτα</em></span> <span class='ocrx_word' id='word_1_36' title='bbox 982 566 1299 633; x_wconf 90' lang='grc' dir='ltr'><em>συστήματα</em></span> <span class='ocrx_word' id='word_1_37' title='bbox 1334 565 1497 633; x_wconf 82' lang='grc' dir='ltr'><em>ὅμοια</em></span> <span class='ocrx_word' id='word_1_38' title='bbox 1535 574 1651 627; x_wconf 91' lang='grc' dir='ltr'><em>τοῖς</em></span> <span class='ocrx_word' id='word_1_39' title='bbox 1688 583 1820 632; x_wconf 93' lang='grc' dir='ltr'><em>προ-</em></span> 
     </span>
     <span class='ocr_line' id='line_1_8' title="bbox 127 645 1822 715; baseline -0.001 -16"><span class='ocrx_word' id='word_1_40' title='bbox 127 645 415 715; x_wconf 76' lang='grc' dir='ltr'><em>κειμένοις,</em></span> <span class='ocrx_word' id='word_1_41' title='bbox 462 646 629 698; x_wconf 91' lang='grc' dir='ltr'><em>πάλιν</em></span> <span class='ocrx_word' id='word_1_42' title='bbox 669 645 925 714; x_wconf 86' lang='grc' dir='ltr'><em>ἀλλήλοις</em></span> <span class='ocrx_word' id='word_1_43' title='bbox 962 646 1064 713; x_wconf 79' lang='grc' dir='ltr'><em>μὲν</em></span> <span class='ocrx_word' id='word_1_44' title='bbox 1104 646 1336 715; x_wconf 86' lang='grc' dir='ltr'><em>ἀνόμοιά</em></span> <span class='ocrx_word' id='word_1_45' title='bbox 1376 645 1544 714; x_wconf 83' lang='grc' dir='ltr'><em>ἐστιν,</em></span> <span class='ocrx_word' id='word_1_46' title='bbox 1586 646 1822 698; x_wconf 88' lang='grc' dir='ltr'><em>ἀνταπο-</em></span> 
     </span>
     <span class='ocr_line' id='line_1_9' title="bbox 129 721 1821 797; baseline 0 -17"><span class='ocrx_word' id='word_1_47' title='bbox 129 728 391 794; x_wconf 89' lang='grc' dir='ltr'><em>διδόμενα</em></span> <span class='ocrx_word' id='word_1_48' title='bbox 445 728 506 780; x_wconf 80' lang='grc' dir='ltr'><em>δὲ</em></span> <span class='ocrx_word' id='word_1_49' title='bbox 560 736 675 790; x_wconf 86' lang='grc' dir='ltr'><em>τοῖς</em></span> <span class='ocrx_word' id='word_1_50' title='bbox 729 727 1111 796; x_wconf 79' lang='grc' dir='ltr'><em>προκειμένοις</em></span> <span class='ocrx_word' id='word_1_51' title='bbox 1167 730 1532 797; x_wconf 80' lang='grc' dir='ltr'><em>συστήμασιν·</em></span> <span class='ocrx_word' id='word_1_52' title='bbox 1595 721 1719 780; x_wconf 86' lang='grc' dir='ltr'><em>οἷον</em></span> <span class='ocrx_word' id='word_1_53' title='bbox 1773 729 1821 780; x_wconf 80' lang='grc' dir='ltr'><em>εἰ</em></span> 
     </span>
     <span class='ocr_line' id='line_1_10' title="bbox 126 808 1820 878; baseline 0 -17"><span class='ocrx_word' id='word_1_54' title='bbox 126 810 282 878; x_wconf 83' lang='grc' dir='ltr'><em>τύχοι</em></span> <span class='ocrx_word' id='word_1_55' title='bbox 331 809 434 861; x_wconf 85' lang='grc' dir='ltr'><em>δύο</em></span> <span class='ocrx_word' id='word_1_56' title='bbox 481 810 774 878; x_wconf 85' lang='grc' dir='ltr'><em>περικοπαὶ</em></span> <span class='ocrx_word' id='word_1_57' title='bbox 821 808 881 862; x_wconf 82' lang='grc' dir='ltr'><em>ἐκ</em></span> <span class='ocrx_word' id='word_1_58' title='bbox 928 818 1098 878; x_wconf 85' lang='grc' dir='ltr'><em>τριῶν</em></span> <span class='ocrx_word' id='word_1_59' title='bbox 1145 810 1506 878; x_wconf 82' lang='grc' dir='ltr'><em>συστημάτων</em></span> <span class='ocrx_word' id='word_1_60' title='bbox 1553 811 1660 877; x_wconf 85' lang='grc' dir='ltr'><em>αβγ</em></span> <span class='ocrx_word' id='word_1_61' title='bbox 1699 811 1820 877; x_wconf 86' lang='grc' dir='ltr'><em>αβγ.</em></span> 
     </span>
     <span class='ocr_line' id='line_1_11' title="bbox 126 887 1822 960; baseline 0.001 -18"><span class='ocrx_word' id='word_1_62' title='bbox 126 898 297 943; x_wconf 90' lang='grc' dir='ltr'><em>ταῦτα</em></span> <span class='ocrx_word' id='word_1_63' title='bbox 366 890 622 959; x_wconf 88' lang='grc' dir='ltr'><em>ἀλλήλοις</em></span> <span class='ocrx_word' id='word_1_64' title='bbox 690 890 947 959; x_wconf 90' lang='grc' dir='ltr'><em>ἀνόμοια,</em></span> <span class='ocrx_word' id='word_1_65' title='bbox 1017 889 1434 960; x_wconf 77' lang='grc' dir='ltr'><em>ἐπιφερομένων</em></span> <span class='ocrx_word' id='word_1_66' title='bbox 1504 887 1563 943; x_wconf 79' lang='grc' dir='ltr'><em>δὲ</em></span> <span class='ocrx_word' id='word_1_67' title='bbox 1634 890 1822 953; x_wconf 86' lang='grc' dir='ltr'><em>αὐτοῖς</em></span> 
     </span>
     <span class='ocr_line' id='line_1_12' title="bbox 126 971 1821 1042; baseline 0.001 -18"><span class='ocrx_word' id='word_1_68' title='bbox 126 971 332 1041; x_wconf 88' lang='grc' dir='ltr'><em>ὁμοίων</em></span> <span class='ocrx_word' id='word_1_69' title='bbox 380 975 589 1040; x_wconf 87' lang='grc' dir='ltr'><em>γίνεται</em></span> <span class='ocrx_word' id='word_1_70' title='bbox 628 973 688 1024; x_wconf 93' lang='grc' dir='ltr'><em>τὸ</em></span> <span class='ocrx_word' id='word_1_71' title='bbox 728 974 864 1025; x_wconf 83' lang='grc' dir='ltr'><em>κατὰ</em></span> <span class='ocrx_word' id='word_1_72' title='bbox 902 974 1208 1041; x_wconf 79' lang='grc' dir='ltr'><em>περικοπὴν</em></span> <span class='ocrx_word' id='word_1_73' title='bbox 1247 971 1660 1042; x_wconf 88' lang='grc' dir='ltr'><em>ἀνομοιομερές·</em></span> <span class='ocrx_word' id='word_1_74' title='bbox 1711 992 1821 1025; x_wconf 86' lang='grc' dir='ltr'><em>τοι-</em></span> 
     </span>
     <span class='ocr_line' id='line_1_13' title="bbox 128 1052 1822 1124; baseline 0 -18"><span class='ocrx_word' id='word_1_75' title='bbox 128 1062 266 1106; x_wconf 87' lang='grc' dir='ltr'><em>αῦτα</em></span> <span class='ocrx_word' id='word_1_76' title='bbox 307 1053 370 1106; x_wconf 86' lang='grc' dir='ltr'><em>δέ</em></span> <span class='ocrx_word' id='word_1_77' title='bbox 406 1052 559 1107; x_wconf 84' lang='grc' dir='ltr'><em>ἐστιν</em></span> <span class='ocrx_word' id='word_1_78' title='bbox 599 1053 661 1107; x_wconf 83' lang='grc' dir='ltr'><em>ἐν</em></span> <span class='ocrx_word' id='word_1_79' title='bbox 701 1054 866 1107; x_wconf 90' lang='grc' dir='ltr'><em>δυάδι</em></span> <span class='ocrx_word' id='word_1_80' title='bbox 913 1055 978 1106; x_wconf 82' lang='grc' dir='ltr'><em>τὰ</em></span> <span class='ocrx_word' id='word_1_81' title='bbox 1023 1052 1083 1107; x_wconf 85' lang='grc' dir='ltr'><em>ἐν</em></span> <span class='ocrx_word' id='word_1_82' title='bbox 1121 1062 1239 1116; x_wconf 88' lang='grc' dir='ltr'><em>ταῖς</em></span> <span class='ocrx_word' id='word_1_83' title='bbox 1278 1062 1540 1120; x_wconf 82' lang='grc' dir='ltr'><em>κωμικαῖς</em></span> <span class='ocrx_word' id='word_1_84' title='bbox 1578 1054 1822 1124; x_wconf 86' lang='grc' dir='ltr'><em>παραβά-</em></span> 
     </span>
     <span class='ocr_line' id='line_1_14' title="bbox 127 1128 1822 1204; baseline 0 -17"><span class='ocrx_word' id='word_1_85' title='bbox 127 1149 303 1188; x_wconf 86' lang='grc' dir='ltr'><em>σεσιν·</em></span> <span class='ocrx_word' id='word_1_86' title='bbox 359 1128 481 1188; x_wconf 85' lang='grc' dir='ltr'><em>οἷον</em></span> <span class='ocrx_word' id='word_1_87' title='bbox 534 1136 595 1188; x_wconf 93' lang='grc' dir='ltr'><em>τὸ</em></span> <span class='ocrx_word' id='word_1_88' title='bbox 649 1134 812 1202; x_wconf 93' lang='grc' dir='ltr'><em>μέλος</em></span> <span class='ocrx_word' id='word_1_89' title='bbox 866 1136 956 1188; x_wconf 83' lang='grc' dir='ltr'><em>καὶ</em></span> <span class='ocrx_word' id='word_1_90' title='bbox 1003 1136 1063 1188; x_wconf 91' lang='grc' dir='ltr'><em>τὸ</em></span> <span class='ocrx_word' id='word_1_91' title='bbox 1111 1134 1385 1204; x_wconf 79' lang='grc' dir='ltr'><em>ἐπίρρημα</em></span> <span class='ocrx_word' id='word_1_92' title='bbox 1431 1135 1551 1203; x_wconf 80' lang='grc' dir='ltr'><em>ἑξῆς</em></span> <span class='ocrx_word' id='word_1_93' title='bbox 1600 1139 1822 1204; x_wconf 82' lang='grc' dir='ltr'><em>κείμενα</em></span> 
     </span>
     <span class='ocr_line' id='line_1_15' title="bbox 127 1215 1820 1286; baseline 0.001 -17"><span class='ocrx_word' id='word_1_94' title='bbox 127 1215 383 1284; x_wconf 89' lang='grc' dir='ltr'><em>ἀλλήλοις</em></span> <span class='ocrx_word' id='word_1_95' title='bbox 430 1215 581 1270; x_wconf 83' lang='grc' dir='ltr'><em>ἐστὶν</em></span> <span class='ocrx_word' id='word_1_96' title='bbox 628 1216 886 1286; x_wconf 89' lang='grc' dir='ltr'><em>ἀνόμοια,</em></span> <span class='ocrx_word' id='word_1_97' title='bbox 935 1215 1051 1269; x_wconf 83' lang='grc' dir='ltr'><em>ἀλλ’</em></span> <span class='ocrx_word' id='word_1_98' title='bbox 1093 1217 1438 1286; x_wconf 77' lang='grc' dir='ltr'><em>ἐπαγομένου</em></span> <span class='ocrx_word' id='word_1_99' title='bbox 1487 1217 1675 1280; x_wconf 89' lang='grc' dir='ltr'><em>αὐτοῖς</em></span> <span class='ocrx_word' id='word_1_100' title='bbox 1720 1225 1820 1270; x_wconf 87' lang='grc' dir='ltr'><em>τοῦ</em></span> 
     </span>
     <span class='ocr_line' id='line_1_16' title="bbox 126 1297 1820 1370; baseline 0.001 -20"><span class='ocrx_word' id='word_1_101' title='bbox 126 1318 183 1351; x_wconf 88' lang='grc' dir='ltr'><em>τε</em></span> <span class='ocrx_word' id='word_1_102' title='bbox 231 1297 692 1367; x_wconf 83' lang='grc' dir='ltr'><em>ἀντιστρέφοντος</em></span> <span class='ocrx_word' id='word_1_103' title='bbox 739 1305 812 1370; x_wconf 80' lang='grc' dir='ltr'><em>τῷ</em></span> <span class='ocrx_word' id='word_1_104' title='bbox 855 1297 1005 1367; x_wconf 88' lang='grc' dir='ltr'><em>μέλει</em></span> <span class='ocrx_word' id='word_1_105' title='bbox 1052 1299 1141 1351; x_wconf 85' lang='grc' dir='ltr'><em>καὶ</em></span> <span class='ocrx_word' id='word_1_106' title='bbox 1192 1307 1293 1351; x_wconf 87' lang='grc' dir='ltr'><em>τοῦ</em></span> <span class='ocrx_word' id='word_1_107' title='bbox 1333 1298 1820 1367; x_wconf 86' lang='grc' dir='ltr'><em>ἀντεπιρρήματος,</em></span> 
     </span>
     <span class='ocr_line' id='line_1_17' title="bbox 128 1379 1822 1449; baseline 0 -17"><span class='ocrx_word' id='word_1_108' title='bbox 128 1382 337 1447; x_wconf 85' lang='grc' dir='ltr'><em>γίνεται</em></span> <span class='ocrx_word' id='word_1_109' title='bbox 399 1381 460 1432; x_wconf 91' lang='grc' dir='ltr'><em>τὸ</em></span> <span class='ocrx_word' id='word_1_110' title='bbox 523 1381 659 1433; x_wconf 83' lang='grc' dir='ltr'><em>κατὰ</em></span> <span class='ocrx_word' id='word_1_111' title='bbox 712 1382 1017 1448; x_wconf 80' lang='grc' dir='ltr'><em>περικοπὴν</em></span> <span class='ocrx_word' id='word_1_112' title='bbox 1072 1379 1485 1449; x_wconf 89' lang='grc' dir='ltr'><em>ἀνομοιομερές,</em></span> <span class='ocrx_word' id='word_1_113' title='bbox 1548 1389 1659 1433; x_wconf 84' lang='grc' dir='ltr'><em>τῶν</em></span> <span class='ocrx_word' id='word_1_114' title='bbox 1720 1380 1822 1448; x_wconf 79' lang='grc' dir='ltr'><em>μὲν</em></span> 
     </span>
     <span class='ocr_line' id='line_1_18' title="bbox 126 1458 1822 1530; baseline 0 -16"><span class='ocrx_word' id='word_1_115' title='bbox 126 1471 441 1530; x_wconf 86' lang='grc' dir='ltr'><em>περικοπῶν</em></span> <span class='ocrx_word' id='word_1_116' title='bbox 489 1461 976 1530; x_wconf 85' lang='grc' dir='ltr'><em>ἀντιστρεφουσῶν</em></span> <span class='ocrx_word' id='word_1_117' title='bbox 1031 1461 1313 1528; x_wconf 72' lang='grc' dir='ltr'><em>ἀλλήλαις,</em></span> <span class='ocrx_word' id='word_1_118' title='bbox 1367 1471 1480 1514; x_wconf 86' lang='grc' dir='ltr'><em>τῶν</em></span> <span class='ocrx_word' id='word_1_119' title='bbox 1529 1458 1590 1514; x_wconf 78' lang='grc' dir='ltr'><em>δὲ</em></span> <span class='ocrx_word' id='word_1_120' title='bbox 1637 1471 1822 1530; x_wconf 82' lang='grc' dir='ltr'><em>μερῶν</em></span> 
     </span>
     <span class='ocr_line' id='line_1_19' title="bbox 129 1542 1820 1611; baseline -0.001 -16"><span class='ocrx_word' id='word_1_121' title='bbox 129 1543 312 1595; x_wconf 87' lang='grc' dir='ltr'><em>αὐτῶν</em></span> <span class='ocrx_word' id='word_1_122' title='bbox 367 1542 646 1610; x_wconf 79' lang='grc' dir='ltr'><em>ἀνομοίων</em></span> <span class='ocrx_word' id='word_1_123' title='bbox 709 1544 888 1596; x_wconf 84' lang='grc' dir='ltr'><em>ὄντων</em></span> <span class='ocrx_word' id='word_1_124' title='bbox 958 1542 1269 1611; x_wconf 83' lang='grc' dir='ltr'><em>ἀμφοτέρας</em></span> <span class='ocrx_word' id='word_1_125' title='bbox 1337 1542 1614 1611; x_wconf 88' lang='grc' dir='ltr'><em>ἀλλήλοις·</em></span> <span class='ocrx_word' id='word_1_126' title='bbox 1684 1543 1820 1596; x_wconf 80' lang='grc' dir='ltr'><em>ὥστε</em></span> 
     </span>
     <span class='ocr_line' id='line_1_20' title="bbox 128 1623 1822 1696; baseline 0 -20"><span class='ocrx_word' id='word_1_127' title='bbox 128 1626 193 1676; x_wconf 85' lang='grc' dir='ltr'><em>τά</em></span> <span class='ocrx_word' id='word_1_128' title='bbox 262 1623 323 1677; x_wconf 80' lang='grc' dir='ltr'><em>ἐν</em></span> <span class='ocrx_word' id='word_1_129' title='bbox 392 1635 511 1687; x_wconf 83' lang='grc' dir='ltr'><em>ταῖς</em></span> <span class='ocrx_word' id='word_1_130' title='bbox 578 1625 922 1693; x_wconf 86' lang='grc' dir='ltr'><em>παραβάσεσι</em></span> <span class='ocrx_word' id='word_1_131' title='bbox 990 1634 1102 1676; x_wconf 87' lang='grc' dir='ltr'><em>τῶν</em></span> <span class='ocrx_word' id='word_1_132' title='bbox 1170 1625 1474 1696; x_wconf 80' lang='grc' dir='ltr'><em>κωμῳδιῶν</em></span> <span class='ocrx_word' id='word_1_133' title='bbox 1538 1627 1674 1676; x_wconf 81' lang='grc' dir='ltr'><em>κατὰ</em></span> <span class='ocrx_word' id='word_1_134' title='bbox 1740 1626 1822 1676; x_wconf 92' lang='grc' dir='ltr'><em>δι-</em></span> 
     </span>
     <span class='ocr_line' id='line_1_21' title="bbox 129 1705 1820 1775; baseline 0 -17"><span class='ocrx_word' id='word_1_135' title='bbox 129 1710 343 1775; x_wconf 87' lang='grc' dir='ltr'><em>στιχιάν</em></span> <span class='ocrx_word' id='word_1_136' title='bbox 413 1705 669 1774; x_wconf 90' lang='grc' dir='ltr'><em>ἀλλήλοις</em></span> <span class='ocrx_word' id='word_1_137' title='bbox 731 1705 1238 1772; x_wconf 85' lang='grc' dir='ltr'><em>ἀνταποδιδόμενα,</em></span> <span class='ocrx_word' id='word_1_138' title='bbox 1309 1708 1488 1774; x_wconf 80' lang='grc' dir='ltr'><em>ἤγουν</em></span> <span class='ocrx_word' id='word_1_139' title='bbox 1555 1707 1692 1758; x_wconf 83' lang='grc' dir='ltr'><em>κατὰ</em></span> <span class='ocrx_word' id='word_1_140' title='bbox 1760 1707 1820 1758; x_wconf 89' lang='grc' dir='ltr'><em>τὸ</em></span> 
     </span>
     <span class='ocr_line' id='line_1_22' title="bbox 128 1786 1822 1856; baseline 0.001 -17"><span class='ocrx_word' id='word_1_141' title='bbox 128 1787 260 1839; x_wconf 85' lang='grc' dir='ltr'><em>αὐτὸ</em></span> <span class='ocrx_word' id='word_1_142' title='bbox 312 1787 537 1856; x_wconf 90' lang='grc' dir='ltr'><em>μέτρον,</em></span> <span class='ocrx_word' id='word_1_143' title='bbox 586 1788 919 1840; x_wconf 86' lang='grc' dir='ltr'><em>δακτυλικὸν</em></span> <span class='ocrx_word' id='word_1_144' title='bbox 956 1786 988 1855; x_wconf 76' lang='grc' dir='ltr'><em>ἢ</em></span> <span class='ocrx_word' id='word_1_145' title='bbox 1030 1789 1163 1840; x_wconf 78' lang='grc' dir='ltr'><em>ἄλλο</em></span> <span class='ocrx_word' id='word_1_146' title='bbox 1206 1787 1420 1854; x_wconf 83' lang='grc' dir='ltr'><em>ὅμοιον,</em></span> <span class='ocrx_word' id='word_1_147' title='bbox 1475 1788 1822 1840; x_wconf 85' lang='grc' dir='ltr'><em>σπανιώτατά</em></span> 
     </span>
     <span class='ocr_line' id='line_1_23' title="bbox 127 1867 292 1922; baseline 0.006 -1"><span class='ocrx_word' id='word_1_148' title='bbox 127 1867 292 1922; x_wconf 81' lang='grc' dir='ltr'><em>ἐστιν.</em></span> 
     </span>
    </p>

    <p class='ocr_par' dir='ltr' id='par_1_6' title="bbox 128 1951 1821 2272">
     <span class='ocr_line' id='line_1_24' title="bbox 239 1951 1821 2030; baseline 0.001 -21"><span class='ocrx_word' id='word_1_149' title='bbox 239 1957 324 2021; x_wconf 84' lang='grc'><em>68,</em></span> <span class='ocrx_word' id='word_1_150' title='bbox 356 1958 423 2010; x_wconf 89' lang='grc'><em>14</em></span> <span class='ocrx_word' id='word_1_151' title='bbox 463 1957 521 2010; x_wconf 86' lang='grc' dir='ltr'><em>ἐν</em></span> <span class='ocrx_word' id='word_1_152' title='bbox 569 1951 612 2030; x_wconf 76' lang='grc' dir='ltr'><em>ᾧ</em></span> <span class='ocrx_word' id='word_1_153' title='bbox 652 1956 766 2011; x_wconf 83' lang='grc' dir='ltr'><em>ἐστὶ</em></span> <span class='ocrx_word' id='word_1_154' title='bbox 813 1956 945 2026; x_wconf 85' lang='grc' dir='ltr'><em>μέρη</em></span> <span class='ocrx_word' id='word_1_155' title='bbox 995 1959 1140 2010; x_wconf 58' lang='lat' dir='ltr'><em>vat-ok:</em></span> <span class='ocrx_word' id='word_1_156' title='bbox 1190 1951 1312 2010; x_wconf 82' lang='grc' dir='ltr'><em>οἷον</em></span> <span class='ocrx_word' id='word_1_157' title='bbox 1351 1957 1486 2026; x_wconf 86' lang='grc' dir='ltr'><em>μέρη</em></span> <span class='ocrx_word' id='word_1_158' title='bbox 1526 1965 1626 2010; x_wconf 88' lang='grc' dir='ltr'><em>τοῦ</em></span> <span class='ocrx_word' id='word_1_159' title='bbox 1666 1960 1821 2025; x_wconf 88' lang='grc' dir='ltr'><em>ποιή-</em></span> 
     </span>
     <span class='ocr_line' id='line_1_25' title="bbox 128 2038 1821 2108; baseline -0.001 -15"><span class='ocrx_word' id='word_1_160' title='bbox 128 2060 319 2108; x_wconf 80' lang='grc' dir='ltr'><em>ματος,</em></span> <span class='ocrx_word' id='word_1_161' title='bbox 376 2041 494 2108; x_wconf 80' lang='grc' dir='ltr'><em>εἰδη</em></span> <span class='ocrx_word' id='word_1_162' title='bbox 550 2042 684 2093; x_wconf 83' lang='grc' dir='ltr'><em>ὄντα</em></span> <span class='ocrx_word' id='word_1_163' title='bbox 736 2048 849 2092; x_wconf 85' lang='grc' dir='ltr'><em>τῶν</em></span> <span class='ocrx_word' id='word_1_164' title='bbox 895 2040 1030 2092; x_wconf 83' lang='grc' dir='ltr'><em>κατὰ</em></span> <span class='ocrx_word' id='word_1_165' title='bbox 1079 2038 1280 2107; x_wconf 84' lang='grc' dir='ltr'><em>σχέσιν.</em></span> <span class='ocrx_word' id='word_1_166' title='bbox 1369 2048 1480 2091; x_wconf 85' lang='grc' dir='ltr'><em>τῶν</em></span> <span class='ocrx_word' id='word_1_167' title='bbox 1526 2040 1630 2107; x_wconf 84' lang='grc' dir='ltr'><em>γὰρ</em></span> <span class='ocrx_word' id='word_1_168' title='bbox 1687 2041 1821 2092; x_wconf 81' lang='grc' dir='ltr'><em>κατὰ</em></span> 
     </span>
     <span class='ocr_line' id='line_1_26' title="bbox 129 2119 1820 2193; baseline 0 -19"><span class='ocrx_word' id='word_1_169' title='bbox 129 2121 317 2190; x_wconf 89' lang='grc' dir='ltr'><em>σχέσιν</em></span> <span class='ocrx_word' id='word_1_170' title='bbox 363 2122 530 2174; x_wconf 83' lang='grc' dir='ltr'><em>εἰδῶν</em></span> <span class='ocrx_word' id='word_1_171' title='bbox 575 2122 637 2174; x_wconf 85' lang='grc' dir='ltr'><em>τὸ</em></span> <span class='ocrx_word' id='word_1_172' title='bbox 686 2122 1020 2193; x_wconf 79' lang='grc' dir='ltr'><em>περιῳδικὸν</em></span> <span class='ocrx_word' id='word_1_173' title='bbox 1065 2121 1154 2173; x_wconf 82' lang='grc' dir='ltr'><em>καὶ</em></span> <span class='ocrx_word' id='word_1_174' title='bbox 1195 2119 1470 2192; x_wconf 79' lang='grc' dir='ltr'><em>ἐπῳδικὸν</em></span> <span class='ocrx_word' id='word_1_175' title='bbox 1507 2122 1596 2173; x_wconf 82' lang='grc' dir='ltr'><em>καὶ</em></span> <span class='ocrx_word' id='word_1_176' title='bbox 1636 2122 1820 2174; x_wconf 76' lang='grc' dir='ltr'><em>τᾶλλα.</em></span> 
     </span>
     <span class='ocr_line' id='line_1_27' title="bbox 129 2199 1821 2272; baseline 0 -17"><span class='ocrx_word' id='word_1_177' title='bbox 129 2205 176 2255; x_wconf 82' lang='grc' dir='ltr'><em>εἰ</em></span> <span class='ocrx_word' id='word_1_178' title='bbox 217 2199 320 2256; x_wconf 83' lang='grc' dir='ltr'><em>οὖν</em></span> <span class='ocrx_word' id='word_1_179' title='bbox 366 2204 432 2255; x_wconf 84' lang='grc' dir='ltr'><em>τὰ</em></span> <span class='ocrx_word' id='word_1_180' title='bbox 476 2201 612 2272; x_wconf 88' lang='grc' dir='ltr'><em>μέρη</em></span> <span class='ocrx_word' id='word_1_181' title='bbox 660 2211 773 2254; x_wconf 88' lang='grc' dir='ltr'><em>τῶν</em></span> <span class='ocrx_word' id='word_1_182' title='bbox 819 2203 955 2255; x_wconf 80' lang='grc' dir='ltr'><em>κατὰ</em></span> <span class='ocrx_word' id='word_1_183' title='bbox 1000 2201 1189 2271; x_wconf 88' lang='grc' dir='ltr'><em>σχέσιν</em></span> <span class='ocrx_word' id='word_1_184' title='bbox 1230 2201 1287 2254; x_wconf 85' lang='grc' dir='ltr'><em>ἐκ</em></span> <span class='ocrx_word' id='word_1_185' title='bbox 1327 2203 1615 2270; x_wconf 86' lang='grc' dir='ltr'><em>διαφόρων</em></span> <span class='ocrx_word' id='word_1_186' title='bbox 1654 2203 1821 2255; x_wconf 83' lang='grc' dir='ltr'><em>εἰδῶν</em></span> 
     </span>
    </p>
   </div>
   <div class='ocr_carea' id='block_1_5' title="bbox 128 2283 1865 2352">
    <p class='ocr_par' dir='ltr' id='par_1_7' title="bbox 128 2283 1865 2352">
     <span class='ocr_line' id='line_1_28' title="bbox 128 2283 1865 2352; baseline -0.001 -15"><span class='ocrx_word' id='word_1_187' title='bbox 128 2284 417 2352; x_wconf 85' lang='grc' dir='ltr'><em>συγκέοιτο</em></span> <span class='ocrx_word' id='word_1_188' title='bbox 478 2285 614 2336; x_wconf 81' lang='grc' dir='ltr'><em>κατὰ</em></span> <span class='ocrx_word' id='word_1_189' title='bbox 675 2284 905 2350; x_wconf 90' lang='grc' dir='ltr'><em>ταύτόν,</em></span> <span class='ocrx_word' id='word_1_190' title='bbox 968 2284 1029 2336; x_wconf 89' lang='grc' dir='ltr'><em>τὸ</em></span> <span class='ocrx_word' id='word_1_191' title='bbox 1085 2285 1221 2335; x_wconf 83' lang='grc' dir='ltr'><em>κατὰ</em></span> <span class='ocrx_word' id='word_1_192' title='bbox 1275 2283 1465 2352; x_wconf 89' lang='grc' dir='ltr'><em>σχέσιν</em></span> <span class='ocrx_word' id='word_1_193' title='bbox 1519 2284 1820 2352; x_wconf 80' lang='grc' dir='ltr'><em>ῥηθήσεται</em></span> <span class='ocrx_word' id='word_1_194' title='bbox 1846 2304 1865 2335; x_wconf 77' lang='lat'>2</span> 
     </span>
    </p>
   </div>
   <div class='ocr_carea' id='block_1_6' title="bbox 127 2365 739 2435">
    <p class='ocr_par' dir='ltr' id='par_1_8' title="bbox 127 2365 739 2435">
     <span class='ocr_line' id='line_1_29' title="bbox 127 2365 739 2435; baseline 0 -17"><span class='ocrx_word' id='word_1_195' title='bbox 127 2367 322 2432; x_wconf 81' lang='grc' dir='ltr'><em>μικτὸν</em></span> <span class='ocrx_word' id='word_1_196' title='bbox 362 2367 497 2418; x_wconf 81' lang='grc' dir='ltr'><em>κατὰ</em></span> <span class='ocrx_word' id='word_1_197' title='bbox 537 2365 739 2435; x_wconf 92' lang='grc' dir='ltr'><em>σχέσιν.</em></span> 
     </span>
    </p>
   </div>
   <div class='ocr_carea' id='block_1_7' title="bbox 129 2575 1821 2987">
    <p class='ocr_par' dir='ltr' id='par_1_9' title="bbox 129 2575 1821 2977">
     <span class='ocr_line' id='line_1_30' title="bbox 250 2575 1820 2634; baseline -0.001 -13"><span class='ocrx_word' id='word_1_198' title='bbox 250 2583 274 2621; x_wconf 84' lang='lat'><strong>2</strong></span> <span class='ocrx_word' id='word_1_199' title='bbox 306 2585 456 2622; x_wconf 85' lang='grc' dir='ltr'><em>ποιῶν</em></span> <span class='ocrx_word' id='word_1_200' title='bbox 488 2577 642 2630; x_wconf 87' lang='lat' dir='ltr'>Turn.</span> <span class='ocrx_word' id='word_1_201' title='bbox 682 2585 821 2622; x_wconf 85' lang='grc' dir='ltr'><em>ποῖον</em></span> <span class='ocrx_word' id='word_1_202' title='bbox 854 2580 884 2622; x_wconf 91' lang='grc'>1</span> <span class='ocrx_word' id='word_1_203' title='bbox 892 2579 949 2622; x_wconf 88' lang='grc' dir='ltr'><strong>Μ</strong></span> <span class='ocrx_word' id='word_1_204' title='bbox 979 2580 993 2634; x_wconf 76' lang='grc' dir='ltr'><em>ΙΙ</em></span> <span class='ocrx_word' id='word_1_205' title='bbox 1025 2582 1050 2621; x_wconf 86' lang='grc'><strong>3</strong></span> <span class='ocrx_word' id='word_1_206' title='bbox 1086 2575 1197 2622; x_wconf 83' lang='grc' dir='ltr'><em>ὅταν</em></span> <span class='ocrx_word' id='word_1_207' title='bbox 1230 2578 1394 2621; x_wconf 84' lang='lat' dir='ltr'>addidi</span> <span class='ocrx_word' id='word_1_208' title='bbox 1421 2580 1427 2634; x_wconf 68' lang='grc' dir='ltr'>Ι</span> <span class='ocrx_word' id='word_1_209' title='bbox 1457 2591 1514 2620; x_wconf 87' lang='lat' dir='ltr'><em>an</em></span> <span class='ocrx_word' id='word_1_210' title='bbox 1548 2579 1655 2633; x_wconf 77' lang='lat' dir='ltr'>post</span> <span class='ocrx_word' id='word_1_211' title='bbox 1686 2577 1820 2632; x_wconf 83' lang='grc' dir='ltr'><em>ἀλλή-</em></span> 
     </span>
     <span class='ocr_line' id='line_1_31' title="bbox 129 2632 1820 2693; baseline 0 -13"><span class='ocrx_word' id='word_1_212' title='bbox 129 2639 226 2688; x_wconf 86' lang='grc' dir='ltr'><em>λοις</em></span> <span class='ocrx_word' id='word_1_213' title='bbox 257 2637 456 2680; x_wconf 81' lang='lat' dir='ltr'>addend</span> <span class='ocrx_word' id='word_1_214' title='bbox 490 2632 632 2681; x_wconf 74' lang='lat' dir='ltr'><em>u&#39;unv?</em></span> <span class='ocrx_word' id='word_1_215' title='bbox 679 2640 693 2693; x_wconf 79' lang='grc' dir='ltr'><em>ΙΙ</em></span> <span class='ocrx_word' id='word_1_216' title='bbox 743 2642 792 2680; x_wconf 92' lang='grc'><em>11</em></span> <span class='ocrx_word' id='word_1_217' title='bbox 828 2637 960 2693; x_wconf 82' lang='grc' dir='ltr'><em>μέλος</em></span> <span class='ocrx_word' id='word_1_218' title='bbox 992 2637 1147 2691; x_wconf 82' lang='lat' dir='ltr'><strong>Tum,</strong></span> <span class='ocrx_word' id='word_1_219' title='bbox 1179 2636 1318 2693; x_wconf 84' lang='grc' dir='ltr'><em>μέρος</em></span> <span class='ocrx_word' id='word_1_220' title='bbox 1348 2637 1446 2679; x_wconf 84' lang='lat' dir='ltr'><em>IM</em></span> <span class='ocrx_word' id='word_1_221' title='bbox 1492 2639 1506 2692; x_wconf 82' lang='grc' dir='ltr'><em>ΙΙ</em></span> <span class='ocrx_word' id='word_1_222' title='bbox 1556 2642 1610 2679; x_wconf 87' lang='grc'><em>14</em></span> <span class='ocrx_word' id='word_1_223' title='bbox 1644 2634 1820 2692; x_wconf 84' lang='grc' dir='ltr'><em>γίνεται</em></span> 
     </span>
     <span class='ocr_line' id='line_1_32' title="bbox 130 2695 1820 2752; baseline 0 -13"><span class='ocrx_word' id='word_1_224' title='bbox 130 2695 286 2750; x_wconf 79' lang='lat' dir='ltr'><strong>Pauw„</strong></span> <span class='ocrx_word' id='word_1_225' title='bbox 319 2695 566 2752; x_wconf 76' lang='grc' dir='ltr'><em>γινομένου</em></span> <span class='ocrx_word' id='word_1_226' title='bbox 598 2698 631 2740; x_wconf 93' lang='grc' dir='ltr'><em>Ι</em></span> <span class='ocrx_word' id='word_1_227' title='bbox 638 2697 698 2740; x_wconf 88' lang='grc' dir='ltr'><strong>Μ</strong></span> <span class='ocrx_word' id='word_1_228' title='bbox 717 2698 732 2752; x_wconf 90' lang='grc' dir='ltr'><em>ΙΙ</em></span> <span class='ocrx_word' id='word_1_229' title='bbox 759 2702 811 2739; x_wconf 85' lang='grc'><em>15</em></span> <span class='ocrx_word' id='word_1_230' title='bbox 846 2695 1061 2750; x_wconf 85' lang='grc' dir='ltr'><em>ἀλλήλαις</em></span> <span class='ocrx_word' id='word_1_231' title='bbox 1092 2710 1204 2740; x_wconf 85' lang='lat' dir='ltr'>corr.</span> <span class='ocrx_word' id='word_1_232' title='bbox 1240 2710 1295 2739; x_wconf 83' lang='lat' dir='ltr'><em>ex</em></span> <span class='ocrx_word' id='word_1_233' title='bbox 1326 2695 1533 2750; x_wconf 86' lang='grc' dir='ltr'><em>ἀλλήλων</em></span> <span class='ocrx_word' id='word_1_234' title='bbox 1558 2696 1590 2739; x_wconf 92' lang='grc' dir='ltr'><em>Ι</em></span> <span class='ocrx_word' id='word_1_235' title='bbox 1607 2698 1621 2750; x_wconf 76' lang='grc' dir='ltr'><em>ΙΙ</em></span> <span class='ocrx_word' id='word_1_236' title='bbox 1649 2700 1702 2739; x_wconf 90' lang='grc'><em>16</em></span> <span class='ocrx_word' id='word_1_237' title='bbox 1734 2697 1820 2752; x_wconf 89' lang='grc' dir='ltr'><em>ἀμ-</em></span> 
     </span>
     <span class='ocr_line' id='line_1_33' title="bbox 131 2753 1821 2814; baseline -0.001 -15"><span class='ocrx_word' id='word_1_238' title='bbox 131 2754 341 2810; x_wconf 83' lang='grc' dir='ltr'><em>φοτέρων</em></span> <span class='ocrx_word' id='word_1_239' title='bbox 365 2755 503 2799; x_wconf 87' lang='lat' dir='ltr'><strong>Tum.</strong></span> <span class='ocrx_word' id='word_1_240' title='bbox 529 2758 543 2812; x_wconf 78' lang='grc' dir='ltr'><em>ΙΙ</em></span> <span class='ocrx_word' id='word_1_241' title='bbox 571 2760 622 2798; x_wconf 86' lang='grc'><em>17</em></span> <span class='ocrx_word' id='word_1_242' title='bbox 657 2753 906 2813; x_wconf 80' lang='grc' dir='ltr'><em>διστιχίαν]</em></span> <span class='ocrx_word' id='word_1_243' title='bbox 940 2754 1146 2814; x_wconf 81' lang='grc' dir='ltr'><em>διέχειαν</em></span> <span class='ocrx_word' id='word_1_244' title='bbox 1180 2755 1361 2808; x_wconf 82' lang='lat' dir='ltr'>Caesar,</span> <span class='ocrx_word' id='word_1_245' title='bbox 1396 2754 1551 2811; x_wconf 86' lang='grc' dir='ltr'><em>στίχον</em></span> <span class='ocrx_word' id='word_1_246' title='bbox 1582 2754 1788 2811; x_wconf 78' lang='lat' dir='ltr'><strong>Westph.</strong></span> <span class='ocrx_word' id='word_1_247' title='bbox 1808 2758 1821 2810; x_wconf 78' lang='grc' dir='ltr'>Η</span> 
     </span>
     <span class='ocr_line' id='line_1_34' title="bbox 135 2813 1819 2873; baseline 0.001 -16"><span class='ocrx_word' id='word_1_248' title='bbox 135 2818 187 2857; x_wconf 82' lang='grc'><em>17</em></span> <span class='ocrx_word' id='word_1_249' title='bbox 214 2829 282 2857; x_wconf 85' lang='lat' dir='ltr'><em>vv.</em></span> <span class='ocrx_word' id='word_1_250' title='bbox 308 2814 497 2858; x_wconf 82' lang='grc' dir='ltr'><em>κατὰ-</em></span> <span class='ocrx_word' id='word_1_251' title='bbox 441 2819 564 2858; x_wconf 83' lang='lat'><em>—20</em></span> <span class='ocrx_word' id='word_1_252' title='bbox 599 2814 721 2859; x_wconf 79' lang='grc' dir='ltr'><em>ἐστιν</em></span> <span class='ocrx_word' id='word_1_253' title='bbox 752 2814 895 2857; x_wconf 81' lang='lat' dir='ltr'><strong>Pauw</strong></span> <span class='ocrx_word' id='word_1_254' title='bbox 927 2815 988 2858; x_wconf 83' lang='lat' dir='ltr'><em>ad</em></span> <span class='ocrx_word' id='word_1_255' title='bbox 1021 2814 1297 2859; x_wconf 77' lang='grc' dir='ltr'><em>ἀντιθετικά</em></span> <span class='ocrx_word' id='word_1_256' title='bbox 1326 2814 1510 2858; x_wconf 74' lang='lat' dir='ltr'><strong>rettulit</strong></span> <span class='ocrx_word' id='word_1_257' title='bbox 1534 2817 1548 2870; x_wconf 73' lang='grc' dir='ltr'><em>Ιι</em></span> <span class='ocrx_word' id='word_1_258' title='bbox 1574 2819 1628 2857; x_wconf 89' lang='grc'><em>18</em></span> <span class='ocrx_word' id='word_1_259' title='bbox 1655 2813 1819 2873; x_wconf 79' lang='grc' dir='ltr'><em>ἤγουν]</em></span> 
     </span>
     <span class='ocr_line' id='line_1_35' title="bbox 131 2870 1819 2931; baseline 0.001 -16"><span class='ocrx_word' id='word_1_260' title='bbox 131 2870 159 2926; x_wconf 84' lang='grc' dir='ltr'>ἢ</span> <span class='ocrx_word' id='word_1_261' title='bbox 192 2872 346 2927; x_wconf 81' lang='lat' dir='ltr'>Tum,</span> <span class='ocrx_word' id='word_1_262' title='bbox 379 2873 526 2931; x_wconf 79' lang='grc' dir='ltr'><em>ἤγουν</em></span> <span class='ocrx_word' id='word_1_263' title='bbox 559 2876 668 2918; x_wconf 72' lang='lat' dir='ltr'><strong>ante</strong></span> <span class='ocrx_word' id='word_1_264' title='bbox 700 2871 977 2918; x_wconf 82' lang='grc' dir='ltr'><em>δακτυλικόν</em></span> <span class='ocrx_word' id='word_1_265' title='bbox 1010 2876 1185 2930; x_wconf 70' lang='grc' dir='ltr'><em>ίῖῑειῃεῙ).</em></span> <span class='ocrx_word' id='word_1_266' title='bbox 1214 2872 1340 2916; x_wconf 81' lang='lat' dir='ltr'>Caes.</span> <span class='ocrx_word' id='word_1_267' title='bbox 1381 2875 1395 2929; x_wconf 77' lang='lat' dir='ltr'>ss</span> <span class='ocrx_word' id='word_1_268' title='bbox 1438 2878 1490 2916; x_wconf 85' lang='lat'><em>19</em></span> <span class='ocrx_word' id='word_1_269' title='bbox 1524 2875 1819 2917; x_wconf 83' lang='grc' dir='ltr'><em>σπανιώτατα</em></span> 
     </span>
     <span class='ocr_line' id='line_1_36' title="bbox 132 2931 770 2987; baseline 0.005 -13"><span class='ocrx_word' id='word_1_270' title='bbox 132 2931 285 2987; x_wconf 62' lang='lat' dir='ltr'>Turn„</span> <span class='ocrx_word' id='word_1_271' title='bbox 319 2935 639 2977; x_wconf 88' lang='grc' dir='ltr'><em>σπανιώτατον</em></span> <span class='ocrx_word' id='word_1_272' title='bbox 672 2935 706 2977; x_wconf 93' lang='lat' dir='ltr'><strong><em>I</em></strong></span> <span class='ocrx_word' id='word_1_273' title='bbox 711 2933 770 2976; x_wconf 91' lang='lat' dir='ltr'><em>M</em></span> 
     </span>
    </p>
   </div>
   <div class='ocr_carea' id='block_1_8' title="bbox 1845 665 1864 698">
    <p class='ocr_par' dir='ltr' id='par_1_10' title="bbox 1845 665 1864 698">
     <span class='ocr_line' id='line_1_37' title="bbox 1845 665 1864 698; baseline 0 0"><span class='ocrx_word' id='word_1_274' title='bbox 1845 665 1864 698; x_wconf 81' lang='lat'><strong>5</strong></span> 
     </span>
    </p>
   </div>
   <div class='ocr_carea' id='block_1_9' title="bbox 1846 1073 1888 1105">
    <p class='ocr_par' dir='ltr' id='par_1_11' title="bbox 1846 1073 1888 1105">
     <span class='ocr_line' id='line_1_38' title="bbox 1846 1073 1888 1105; baseline 0 0"><span class='ocrx_word' id='word_1_275' title='bbox 1846 1073 1888 1105; x_wconf 93' lang='lat'><em>10</em></span> 
     </span>
    </p>
   </div>
   <div class='ocr_carea' id='block_1_10' title="bbox 1846 1481 1887 1512">
    <p class='ocr_par' dir='ltr' id='par_1_12' title="bbox 1846 1481 1887 1512">
     <span class='ocr_line' id='line_1_39' title="bbox 1846 1481 1887 1512; baseline 0 0"><span class='ocrx_word' id='word_1_276' title='bbox 1846 1481 1887 1512; x_wconf 78' lang='lat'><em>15</em></span> 
     </span>
    </p>
   </div>
   <div class='ocr_carea' id='block_1_11' title="bbox 1845 1889 1887 1920">
    <p class='ocr_par' dir='ltr' id='par_1_13' title="bbox 1845 1889 1887 1920">
     <span class='ocr_line' id='line_1_40' title="bbox 1845 1889 1887 1920; baseline 0 0"><span class='ocrx_word' id='word_1_277' title='bbox 1845 1889 1887 1920; x_wconf 77' lang='lat'><em>20</em></span> 
     </span>
    </p>
   </div>
  </div>
 </body>
</html>
