2060 3168
666 161 712 201 11
749 160 894 201 ΠΕΡΙ
923 161 1276 203 TPOXAIKOT
1709 160 1817 213 373

130 296 267 334 τοῦτο
306 289 387 334 καὶ
428 290 742 346 ἰθυφαλλικὸν
775 290 1049 348 ὀνομάζεται
1080 291 1161 336 διὰ
1192 291 1244 336 τὸ
1277 292 1354 337 ἐπὶ
1388 327 1618 339 ......
1653 290 1708 338 οὗ
1740 293 1823 351 χά-

133 373 208 410 ριν
246 356 327 400 καὶ
367 355 391 400 ὁ
432 357 696 413 ἰθύφαλλος
739 357 1167 416 παραλαμβάνεται.
1231 357 1324 402 ἔστι
1364 357 1416 403 δὲ
1455 359 1506 403 ἐκ
1544 367 1685 414 τριῶν
1723 376 1822 415 τρο-

131 420 292 480 χαίων.
324 449 383 456 —-
416 425 769 480 Καταληκτικὸν
801 425 852 469 δὲ

399 488 603 546 ἁμερίων
634 489 888 548 τληπόνων.

131 556 212 600 καὶ
242 564 380 601 τοῦτο
412 556 751 613 ἐπισημότατόν
784 558 876 603 ἐστι
906 558 987 602 καὶ
1014 555 1319 614 Εὐριπίδειον
1342 555 1533 616 λέγεται.
1563 585 1616 590 -
1639 556 1824 602 Ἀκατά-
1871 570 1892 602 5

131 624 300 678 ληκτον
333 623 385 668 δὲ

400 683 447 736 ἐξ
480 684 606 734 ἰλύος
637 683 869 739 αἰθέριον.

132 747 347 806 ὃίμετρον
380 749 431 795 δὲ
462 750 870 808 ὑπερκατάληκτον
901 749 984 808 μὲν

401 814 622 861 καλλίπαι
652 821 787 862 θεοῖο
819 818 982 875 νύμφα
1014 834 1104 875 μοι.

256 880 540 939 Τρίμετρα
573 882 624 928 δὲ
655 883 812 937 πάλιν,
846 883 1284 942 βραχυκατάληκτον
1315 883 1398 941 μὲν
1850 895 1893 927 10

401 947 610 1009 βασίλεια
641 948 860 994 καλλίπαι
891 954 1041 995 θεοῖο.

132 1016 472 1072 καταληκτικὸν
504 1015 556 1061 δὲ

399 1081 430 1126 ἃ
461 1091 619 1140 χοροῖς
650 1082 915 1139 εὐαγέεσσιν
946 1082 1162 1140 ἀγγέλων.

131 1163 267 1201 τοῦτο
308 1156 360 1201 δὲ
397 1157 450 1201 τὸ
489 1157 829 1214 καταληκτικὸν
860 1154 1122 1213 τρίμετρον,
1164 1155 1187 1200 ὃ
1221 1157 1278 1213 δὴ
1311 1158 1392 1201 καὶ
1420 1155 1725 1214 Ἀρχιλόχειον
1755 1155 1824 1202 λέ-

131 1239 284 1280 γεται,
324 1224 386 1274 ὡς
411 1221 676 1282 Ἀρχιλόχου
707 1231 790 1268 τοῦ
827 1231 1025 1280 ποιητοῦ
1064 1222 1333 1279 κατακόρως
1364 1224 1489 1283 αὐτῷ
1519 1223 1826 1281 χρησαμένου,
1850 1233 1893 1267 15

131 1288 370 1346 ἀκέφαλος
401 1293 607 1335 καλεῖται
639 1290 820 1349 ἴαμβος,
853 1288 936 1344 ὅτι,
970 1289 1052 1334 ἐὰν
1084 1289 1203 1334 κατὰ
1234 1289 1318 1346 τὴν
1344 1290 1493 1347 ἀρχὴν
1518 1286 1601 1346 μία
1627 1289 1825 1348 συλλαβὴ

133 1357 259 1414 αὐτῷ
292 1360 549 1416 προστεθῇ,
582 1357 748 1416 ἴαμβος
771 1356 1014 1415 γενήσεται
1038 1354 1274 1413 τρίμετρος
1297 1355 1626 1412 ἀκατάληκτος.
1653 1382 1708 1389 -
1732 1357 1828 1400 Καὶ

131 1424 472 1480 καταληκτικὸν
504 1423 588 1481 μὲν
619 1423 869 1481 τροχαϊκὸν
892 1423 943 1467 τὸ
969 1420 1134 1479 ῥηθέν,
1165 1422 1485 1480 ἀκατάληπτον
1510 1421 1562 1467 δὲ
1585 1421 1827 1479 τρίμετρον

403 1490 448 1542 ἐξ
482 1490 608 1543 ἰλύος
639 1489 856 1546 αἰθέριον
887 1487 1188 1548 ἀμβιβάσασ’.

134 1556 544 1613 ὑπερκατάληκτον
577 1557 628 1602 δὲ
1850 1569 1893 1600 80

31 1623 105 1677 65)
407 1621 615 1681 βασίλεια
646 1622 865 1668 καλλίπαι
897 1627 1032 1668 θεοῖο
1066 1624 1228 1679 νύμφα
1260 1639 1350 1680 μοι.

137 1690 215 1733 καὶ
247 1687 462 1746 τρίμετρα
496 1689 579 1745 μὲν
610 1698 769 1735 ταῦτα.

254 1756 614 1812 Τετράμετρα
647 1756 713 1810 δέ,
746 1756 1185 1815 βραχυκατάληκτον
1217 1755 1299 1812 μὲν

396 1821 601 1878 ἁμερίων
632 1822 874 1880 τληπόνων
906 1831 1078 1873 καινῶς
1109 1821 1336 1878 ἐνήλασάς
1367 1838 1433 1878 με.

127 1895 410 1952 τετράμετρα
442 1897 493 1941 δὲ
525 1897 837 1954 καταληκτικὰ
861 1897 1103 1956 τροχαϊκά,
1136 1896 1166 1940 ἃ
1198 1897 1278 1940 καὶ
1303 1895 1618 1953 ἐπισημότατα
1643 1896 1820 1953 ἔφαμεν
1846 1908 1888 1941 25

131 1958 276 2016 εἶναι,
315 1962 372 2007 τὰ
412 1963 755 2018 προεκτεθέντα
786 1964 1029 2022 τροχαϊκά.
1062 1990 1119 1996 -
1153 1963 1246 2007 Καὶ
1278 1962 1410 2019 ἡμεῖς
1441 1963 1523 2019 μὲν
1556 1961 1688 2022 μέχρι
1718 1963 1824 2008 τού-

129 2046 221 2073 των
262 2029 472 2085 ἔστημεν·
515 2030 603 2074 εἰσὶ
643 2029 716 2083 δέ,
757 2031 818 2081 ὡς
857 2031 1059 2087 ἔφαμεν,
1099 2030 1178 2074 καὶ
1210 2028 1506 2086 ἀκατάληκτα
1545 2028 1823 2086 τετράμετρα

129 2095 186 2140 τὰ
227 2097 425 2154 συλλαβῇ
467 2100 550 2158 μιᾷ
589 2105 680 2141 τῶν
719 2095 1038 2154 προκειμένων
1076 2096 1417 2152 περιττεύοντα.
1481 2103 1627 2140 ταῦτα
1659 2094 1710 2140 δὲ
1743 2097 1824 2140 καὶ

129 2160 378 2217 Ἀνακρέων
419 2162 700 2219 ἐπιτηδεύει,
741 2162 942 2220 ἐπίσημα
981 2163 1059 2206 καὶ
1101 2162 1219 2207 αὐτὰ
1260 2162 1383 2206 ὄντα.
1419 2189 1474 2195 —-
1508 2163 1613 2206 Εἰσὶ
1652 2163 1703 2208 δὲ
1743 2163 1824 2207 καὶ

129 2227 513 2285 ὑπερκατάληκτα
543 2229 836 2286 τετράμετρα,
878 2229 907 2273 ἃ
940 2230 1046 2274 δυσὶ
1079 2230 1323 2287 συλλαβαῖς
1354 2228 1594 2281 πλεονάζει
1625 2236 1715 2273 τῶν
1748 2229 1819 2273 ἐκ·
1846 2242 1890 2273 3ο

130 2293 354 2350 κειμένων
386 2295 522 2340 ἐπῶν.

251 2362 321 2405 Οὐ
361 2361 451 2417 μὴν
494 2361 608 2406 ἀλλὰ
647 2363 726 2406 καὶ
765 2365 827 2422 τῷ
861 2365 1178 2422 καταληκτικῷ
1218 2362 1603 2422 πενταμέτρω,
1651 2360 1819 2419 καίπερ

131 2582 174 2625 Η
237 2522 578 2637 ἐθΙὲκξεζαλον
611 2524 779 2583 ἴαμβον
820 2524 990 2569 schol.¹³
1023 2525 1118 2580 (lib.
1152 2524 1232 2580 III)
1268 2528 1376 2578 269,
1403 2529 1457 2567 25
1491 2527 1539 2568 et
1569 2524 1664 2568 HN
1697 2525 1822 2582 apud

177 2596 234 2639 ΘΡ

252 2736 272 2773 1
315 2733 439 2805 post
463 2731 536 2775 ἐπὶ
576 2731 623 2773 in
658 2732 763 2775 PK
797 2731 1187 2787 o‘c51.;(3f.schol.A
1219 2746 1262 2788 p.
1293 2735 1397 2783 124
1425 2736 1450 2774 2
1491 2730 1820 2787 ἰθυφαλλικόν,

132 2788 290 2846 ἐπειδὴ
323 2793 386 2846 τῷ
412 2787 579 2848 ρυθμῷ
603 2790 748 2848 τούτῳ
783 2789 1027 2847 ἐκέχρηντο
1060 2791 1111 2835 ἐν
1135 2798 1201 2863 τῇ
1222 2797 1382 2847 πομπῇ
1415 2797 1497 2834 τοῦ
1531 2790 1818 2845 ἰθυφάλλους

132 2838 570 2907 ἐπκλαμβάνεσθαι
613 2849 663 2893 ἐν
707 2857 808 2900 ταῖς
850 2849 1031 2904 ἑορταῖς
1071 2857 1154 2893 τοῦ
1188 2846 1410 2907 Ἰάκχου>
1450 2851 1612 2906 tempt.
1645 2849 1771 2907 Jung
1815 2853 1820 2909 Ι

132 2910 158 2949 9
191 2923 267 2962 μοι
299 2908 460 2963 νύμφα
495 2909 599 2952 PK
618 2910 632 2964 ΙΙ
657 2913 712 2951 26
744 2908 801 2952 cf.
837 2908 1010 2952 schol.A
1037 2913 1135 2962 120,
1155 2913 1180 2952 3
