2060 3168
42 1266 119 1321 23)

64 1595 118 1635 57

706 201 765 243 11.
791 201 860 242 m
889 199 1035 241 ΠΕΡΙ
1064 198 1280 241 nomm
1733 198 1838 250 211

150 335 309 404 ιὥστε
359 328 502 387 εἶναι
550 333 672 387 ἀντὶ
720 334 1086 403 στιχελεγείου
1133 331 1499 404 στιχίαμβονῤ
1545 331 1635 386 καὶ
1684 332 1842 402 φέρει

150 417 251 485 τὴν
290 423 502 485 χρῆσιν.
579 414 884 486 παραφέρει
924 414 1009 483 δέ,
1056 414 1141 467 ὅτι
1180 414 1404 483 εὕρηται
1443 415 1533 467 καὶ
1572 413 1634 468 ἐν
1677 417 1841 486 στίχῳ

151 498 300 567 παρὰ
334 498 580 566 Κορίννῃ
616 496 676 549 ἐν
714 496 925 566 πέμπτῃ
959 494 1157 567 (Heph.
1187 514 1239 564 p.
1265 495 1314 565 9,
1335 497 1402 548 16
1421 495 1544 567 sq.)‘
1595 493 1741 558 τινὲς
1781 494 1846 548 δέ

153 594 327 648 φασιν
367 579 428 632 ἐν
467 578 714 648 δευτέρᾳ,
753 587 1004 648 κρεῖττον
1042 577 1108 630 δέ
1143 575 1294 630 ἐστιν
1333 576 1656 647 ε’ν-πέμπτῃ.
1727 574 1844 630 εἶτα

152 661 242 714 καὶ
281 662 428 730 παρὰ
469 658 751 729 Πραξίλλῃ
792 660 1048 729 ποιητρίᾳ
1088 657 1286 730 (Heph.
1317 678 1368 727 p.
1398 657 1575 730 9,19).
1889 682 1909 714 5

871 858 996 927 Cap.
1027 857 1120 911 III.

776 975 938 1047 Περὶ
982 978 1217 1030 ποδῶν.

263 1097 347 1150 Ἐκ
401 1100 510 1149 τῶν
558 1099 836 1161 ευλλαβῶν
885 1096 1009 1148 εἰςιν
1058 1097 1108 1148 οἱ
1163 1096 1349 1158 πόδες,
1405 1095 1482 1148 ὧν
1539 1096 1842 1161 διεύλλαβοι

153 1179 247 1243 μὲν
289 1174 356 1230 δ’.
435 1179 520 1229 καὶ
558 1178 624 1229 τὰ
666 1178 796 1241 ἑξῆς.
1866 1201 1909 1232 10

267 1258 538 1311 Ἐνταῦθα
588 1257 712 1328 περὶ
759 1267 871 1310 τῶν
915 1258 1106 1310 ποδῶν
1145 1257 1404 1326 βούλεται
1445 1258 1842 1325 διαλαμβάνειν

151 1349 302 1393 ποῖοι
348 1339 437 1392 καὶ
485 1342 647 1392 πόσοι
689 1341 816 1392 εἰσί·
872 1337 963 1391 καὶ
1003 1338 1304 1407 ἀναγκαῖόν
1344 1337 1495 1391 ἐστιν
1533 1338 1673 1407 ἡμᾶς
1709 1342 1841 1407 πρό-

151 1441 313 1491 τερον
352 1421 485 1474 αὐτὸ
526 1429 688 1474 τοῦτο
730 1429 956 1489 γνῶναι,
996 1422 1051 1473 τί
1088 1419 1202 1474 ε’στι
1241 1421 1396 1483 πούς.
1468 1423 1609 1484 ποὺς
1646 1423 1841 1474 τοίνυν

153 1502 302 1555 ἐστὶν
342 1500 599 1564 σύνταξις
638 1504 933 1569 συλλαβῶν
964 1503 1129 1572 ἄρσιν
1166 1501 1257 1555 καὶ
1298 1501 1462 1554 θέσιν
1496 1502 1839 1572 περιέχουσα.

151 1582 243 1636 καὶ
291 1584 487 1646 ἄλλως·
542 1584 682 1646 πούς
733 1582 846 1636 ε’στι
893 1585 1115 1654 μετρικὴ
1165 1586 1459 1652 συλλαβῶν
1506 1583 1688 1652 σχέσις
1734 1583 1839 1636 ἀπὸ
1867 1606 1908 1640 15

154 1665 256 1718 δύο
298 1664 397 1728 ἕως
435 1663 508 1733 ἕξ,
548 1663 601 1727 ἐξ
643 1660 720 1717 ὧν
758 1667 1097 1733 γνωρίζομεν
1127 1665 1188 1718 τὸ
1222 1672 1322 1717 τοῦ
1362 1663 1566 1734 μέτρου
1606 1658 1753 1728 εἶδός
1783 1685 1841 1718 τε

151 1745 242 1799 καὶ
289 1746 538 1816 μέγεθος.
622 1745 783 1814 βάσις
831 1745 896 1798 δέ
939 1747 1053 1798 ἐστι
1100 1747 1160 1799 τὸ
1208 1744 1267 1798 ἐκ
1323 1746 1424 1799 δύο
1472 1747 1663 1799 ποδῶν
1710 1761 1841 1799 συν-

153 1828 375 1896 εστηκὸς
421 1835 520 1880 τοῦ
566 1824 668 1893 μὲν
714 1825 775 1879 ἐν
822 1827 977 1896 ἄρσει
1023 1835 1123 1880 τοῦ
1164 1824 1224 1880 δὲ
1264 1825 1325 1880 ἐν
1362 1826 1520 1880 θέσει
1558 1832 1841 1898 παραλαμ-

150 1908 477 1978 βανομένου.
555 1908 587 1976 ἢ
627 1907 821 1969 οὕτως·
872 1907 1030 1975 βάσις
1077 1906 1227 1961 ἐστὶν
1265 1908 1334 1976 <ἢ
1374 1907 1434 1962 ἐκ
1473 1909 1576 1962 δύο
1616 1910 1841 1975 ποδῶν)

150 1989 183 2059 ἢ
231 1989 290 2043 ἐκ
335 1990 508 2051 ποδὸς
554 1987 643 2041 καὶ
690 1988 1049 2058 καταλήξεως,
1095 1989 1344 2043 τουτέστι
1391 1997 1516 2059 μιᾶς
1564 1993 1841 2058 συλλαβῆς
1865 2013 1909 2046 20

273 2163 325 2202 13
359 2157 530 2201 schol.B
558 2156 655 2212 (lib.
685 2156 739 2213 V)
764 2172 809 2213 p.
837 2161 907 2210 25,
926 2160 995 2199 20.
1043 2157 1128 2200 An.
1156 2157 1313 2200 Ambr.
1338 2157 1430 2200 AV
1455 2161 1553 2210 231,
1574 2162 1643 2201 30.
1689 2157 1838 2201 Diom.

150 2233 198 2261 π.
222 2233 269 2261 π.
295 2217 387 2260 AV
413 2222 512 2270 161,
532 2220 599 2260 10.
649 2216 736 2260 An.
754 2216 859 2259 Vat.
886 2215 976 2259 AV
1001 2219 1056 2259 98
1090 2221 1114 2270 ξ
1139 2220 1179 2259 3.
1235 2217 1299 2260 Io.
1326 2216 1414 2260 Sic.
1441 2216 1565 2260 RhG
1589 2216 1652 2260 VI
1678 2221 1778 2270 239,
1799 2223 1837 2261 1.

153 2303 207 2309 —
231 2277 307 2320 Ar.
336 2275 491 2329 Quint.
519 2281 588 2330 22,
607 2280 675 2318 26.
716 2275 831 2319 Mar.
850 2274 970 2319 Vict.
997 2274 1080 2318 GL
1105 2275 1168 2318 VI
1193 2280 1264 2330 43,
1282 2281 1307 2319 9
1324 2290 1422 2332 sqq.
1457 2280 1512 2319 50
1545 2281 1685 2332 4sqq.
1726 2276 1838 2320 Atil.

149 2336 272 2379 Fort.
301 2334 384 2379 GL
407 2335 471 2378 VI
495 2338 595 2387 280,
616 2339 683 2378 ιο.
732 2333 880 2378 Diom.
909 2333 992 2378 GL
1015 2334 1036 2377 1
1061 2338 1161 2388 474,
1180 2339 1235 2377 30
1290 2337 1304 2391 u
1361 2340 1414 2378 15
1448 2311 1597 2392 σχέσις
1628 2339 1712 2377 An.
1731 2335 1837 2379 Vat.

150 2394 242 2438 AV
268 2399 336 2447 99,
358 2400 434 2449 11;
466 2393 746 2450 κατάλληλος
777 2394 997 2445 σύνθεσις
1026 2393 1088 2437 Io.
1116 2392 1204 2437 Sic.
1232 2398 1331 2447 239,
1351 2399 1376 2436 3

271 2547 293 2586 1
321 2538 781 2600 ὥστε-στιχίαμβον
808 2555 894 2585 0111.
915 2541 997 2598 ΚΙ
1027 2539 1328 2599 στιγελεγείου
1351 2543 1393 2586 U
1411 2545 1425 2598 Η
1451 2547 1475 2585 2
1501 2540 1741 2597 περιφέρει
1759 2543 1814 2585 Κ
1836 2543 1838 2598 Ι

152 2605 177 2644 3
209 2599 399 2659 πέμπτῳ
429 2601 578 2658 Heph.
605 2603 619 2658 ΙΙ
644 2605 668 2643 5
702 2598 940 2658 ποιητρία]
972 2607 1101 2645 ποιεῖ
1133 2602 1207 2658 UH
1231 2605 1256 2644 8
1286 2604 1327 2644 Γ
1353 2603 1462 2644 ante
1494 2616 1540 2644 π.
1573 2615 1620 2644 π.
1656 2601 1763 2644 add.
1786 2601 1838 2655 U,

149 2675 197 2704 π.
229 2675 276 2704 π.
311 2660 391 2705 K2
422 2660 471 2703 in
503 2675 594 2717 mg.
620 2662 636 2716 Η
661 2664 715 2703 10
749 2659 818 2718 δ’]
851 2645 937 2703 δῦο
970 2660 1025 2703 Κ
1068 2662 1074 2716 Ι
1123 2659 1182 2703 τὰ
1213 2673 1301 2703 om.
1337 2661 1381 2704 U
1413 2662 1427 2716 ΙΙ
1464 2666 1515 2704 11
1552 2659 1838 2704 ἐνταῦθα-

154 2724 206 2763 12
241 2719 362 2763 ἐστὶν
394 2734 482 2763 0111.
518 2721 563 2765 U
593 2721 599 2776 1
633 2726 770 2763 τοῦτο
801 2719 916 2763 αὐτὸ
949 2719 1003 2763 Κ
1028 2721 1043 2775 ΙΙ
1075 2723 1130 2763 14
1163 2719 1378 2772 σύνταξις
1409 2719 1461 2773 U,
1493 2719 1713 2768 σύνθεσις
1745 2720 1800 2763 K
1808 2718 1838 2772 ²,

151 2777 395 2830 σύντασιςῗ
428 2778 507 2822 Κ1
534 2780 540 2834 Ι
569 2778 704 2833 ἄρσιν
722 2804 776 2810 —-
796 2783 850 2822 15
888 2779 1122 2836 συλλαβῶν
1155 2791 1242 2822 0111.
1281 2780 1349 2835 ΠΙ
1378 2779 1456 2822 καὶ
1487 2777 1623 2822 θέσιν
1655 2778 1836 2831 Nauck,

151 2834 179 2892 ἢ
210 2836 348 2882 θέσιν
373 2839 427 2881 Κ
445 2839 459 2894 ΙΙ
486 2842 539 2880 15
572 2836 722 2895 σχέσις
753 2836 923 2880 schol.¹³
950 2852 995 2893 p.
1022 2842 1091 2891 25,
1110 2842 1179 2880 24.
1212 2838 1298 2881 An.
1325 2838 1480 2880 Ambr.
1508 2842 1606 2888 232,
1625 2841 1672 2891 43
1704 2835 1840 2887 θέσις

153 2896 284 2939 codd.
310 2898 324 2952 ΙΙ
350 2901 404 2940 16
436 2893 697 2952 διορίζομεν
730 2897 773 2940 U
791 2898 806 2952 ΙΙ
832 2901 885 2940 18
920 2896 969 2940 ἐν
1001 2896 1072 2939 bis
1105 2910 1191 2940 om.
1219 2897 1306 2953 ΚΙΙ
1333 2901 1385 2940 19
1419 2894 1696 2952 ἢ-ποὸῶν
1729 2896 1836 2939 add.

152 2954 371 2999 Hoersch.
397 2958 411 3012 ΙΙ
436 2959 492 2998 20
523 2953 573 3013 ἢ]
605 2955 633 3011 ἡ
667 2955 800 2999 codd.

1487 3028 1570 3071 14*
