2090 3158
264 176 370 228 160
954 179 1188 220 ΣΧοΛΙΑ
1219 179 1258 219 Α

259 320 354 380 τῆς
394 313 627 380 δεούσης
661 312 720 365 ἐν
751 319 825 384 τῷ
850 313 1013 374 πάϊς.
1076 310 1190 365 ἔδει
1221 313 1326 381 γὰρ
1358 311 1496 379 μεθ’
1527 311 1719 382 ἑτέραν
1749 319 1949 368 συλλα-

260 394 367 462 βὴν
406 399 722 461 τετμῆσθαι.

373 474 458 544 54,
490 475 522 526 3
565 473 617 538 ἐξ
657 476 1161 544 ὑπερκαταλήκτου;
1212 475 1694 544 ὑπερκατάληκτόν
1734 476 1847 530 ἐστι
1886 479 1948 531 τὸ

260 557 393 625 μετὰ
433 557 694 609 διποδίαν
732 563 1056 626 περιττεῦον
1094 558 1360 626 συλλαβῇ,
1400 558 1448 609 εἰ
1481 558 1805 626 δισύλλαβοι
1838 556 1950 612 εἷεν

213 658 235 689 5
262 639 315 690 οἱ
354 639 539 700 πόδες·
581 639 628 690 εἰ
669 634 729 690 δὲ
768 638 1129 706 τρισύλλαβοι
1168 638 1258 690 καὶ
1299 638 1416 691 δύο.

371 725 464 794 54,
497 725 530 778 5
585 726 674 778 καὶ
729 727 1274 796 βραχυκαταλήκτου]
1321 728 1467 797 παρὰ
1519 729 1800 796 συλλαβὴν
1844 729 1948 798 γὰρ

260 806 562 875 εὑρίσκεται
621 808 681 859 τὸ
739 806 1133 877 ἑφθημιμερές,
1190 809 1326 861 ὥστε
1379 810 1638 877 γίνεσθαι
1693 810 1950 879 δίμετρον
1982 819 2068 858 210

259 889 790 957 βραχυκατάληκτον.

369 976 462 1045 54,
491 978 559 1029 10
613 974 728 1030 ἔστι
783 979 887 1046 γὰρ
944 980 1242 1047 χορίαμβος
1304 979 1394 1031 καὶ
1458 980 1560 1031 δύο
1618 981 1804 1048 ἴαμβοι
1858 979 1948 1031 καὶ

191 1080 237 1110 10
257 1067 402 1126 τρεῖς
440 1067 702 1127 τροχαῖοι,
741 1060 802 1111 τὸ
845 1060 1237 1129 ἰθυφαλλικόν,
1277 1059 1377 1123 ἕως
1416 1068 1516 1113 τοῦ
1556 1061 1844 1129 κομήσει.

370 1147 454 1215 54,
479 1147 547 1199 21
590 1150 720 1210 τοὺς
767 1149 872 1217 γὰρ
921 1149 1271 1211 σπονδειόυςε
1320 1142 1442 1202 οἷον
1483 1148 1543 1201 ἐν
1581 1158 1699 1211 ταῖς
1738 1148 1949 1218 ἀρτιάις
1974 1155 2090 1214 [103j

258 1227 468 1296 δέχεται
509 1230 607 1281 τὸν
647 1230 945 1282 σπονδεῖον
982 1231 1044 1283 τὸ
1086 1233 1395 1300 τροχαϊκόν
1437 1227 1590 1283 οὗτοι
1632 1229 1691 1282 δ’
1731 1229 1791 1282 ἐν
1830 1238 1948 1292 ταῖς

255 1320 532 1378 περιτταῖς
563 1309 803 1363 τιθέασι·
835 1331 926 1362 και
959 1311 1019 1363 τὸ
1056 1313 1314 1380 ἰαμβικὸν
1344 1308 1441 1380 <ε’ν
1470 1321 1589 1374 ταῖς
1619 1311 1946 1380 περιτταῑς>,

257 1394 411 1444 οὑτοι
452 1389 512 1444 δε
551 1412 640 1444 και
682 1391 742 1444 ἐν
781 1401 899 1454 ταῖς
938 1391 1150 1461 ἀρτίαις
1188 1392 1456 1446 τιθέασιν.

189 1489 231 1523 15
367 1472 454 1541 54,
480 1474 549 1525 23
599 1474 658 1526 ἐν
704 1482 822 1536 ταῖς
867 1472 1057 1542 μέσαις
1097 1476 1399 1542 συζυγίαιςε
1446 1474 1635 1541 μέσαις
1674 1481 1772 1527 τοῦ
1811 1493 1946 1527 παν-

255 1554 346 1616 τὸς
394 1554 691 1623 μεγέθους,
739 1553 800 1607 ἔν
838 1575 896 1607 τε
934 1563 999 1624 τῇ
1041 1553 1271 1625 δευτέρα
1309 1562 1410 1607 τοῦ
1453 1556 1711 1623 ιάμβικοῦ
1753 1556 1841 1607 καὶ
1881 1564 1944 1626 τῇ

255 1636 439 1705 πρώτῃ
481 1644 579 1688 τοῦ
619 1644 929 1705 τροχαϊκοῦ.

366 1724 452 1792 54,
477 1724 547 1776 26
589 1726 824 1795 ἄνδρες
863 1724 1136 1794 ἑταῖροιε
1177 1723 1237 1777 ἐν
1269 1731 1342 1796 τῷ
1379 1726 1610 1796 ἰαμβικῷ
1648 1726 1947 1778 σπονδεῖον
1971 1732 2090 1790 [104]

256 1807 332 1867 εἰς
377 1807 478 1874 τὴν
526 1806 745 1876 ἀρτίαν,
794 1806 933 1875 λέγω
984 1807 1050 1874 δὴ
1098 1807 1198 1874 τὴν
1243 1806 1530 1874 τετάρτην,
1578 1806 1611 1873 ἥ
1651 1805 1802 1859 ἐστιν
1847 1807 1945 1874 ἥδε

187 1906 230 1937 20
256 1886 438 1956 [δεῦρ]
472 1890 505 1956 ἢ
517 1889 549 1940 δ
558 1904 612 1956 η·
653 1889 740 1940 καὶ
775 1887 836 1940 ἐν
866 1896 930 1958 τῇ
963 1895 1221 1957 τροχαϊκῇ
1255 1889 1332 1949 εἰς
1363 1888 1464 1955 τὴν
1495 1889 1770 1956 περιττήν,
1803 1887 1942 1956 λέγω

256 1968 315 2020 δὲ
353 1970 454 2036 τὴν
491 1968 757 2038 πέμπτην,
797 1970 830 2036 ἥ
871 1968 984 2021 ε’στι
1023 1970 1138 2036 τὴν
1177 1969 1320 2036 γνώ.

365 2056 509 2125 55,2
551 2058 655 2110 καὶ
696 2057 1157 2126 ξυνεγινόμηνῑ
1198 2064 1361 2109 τοῦτο
1401 2057 1490 2108 καὶ
1531 2057 1592 2109 τὸ
1635 2055 1755 2125 ἑξῆς
1794 2055 1942 2109 Ἀνα-

253 2140 568 2206 κρεόντειον
621 2136 808 2207 ἔχουσι
863 2139 962 2190 τὸν
1015 2139 1116 2204 μὲν
1156 2145 1388 2207 ’πρῶτον
1443 2141 1771 2206 χοριάμβον,
1827 2132 1942 2190 εἶτα

255 2219 356 2271 δύο
399 2220 644 2287 ἰάμβους,
683 2219 771 2271 καὶ
804 2219 970 2272 πάλιν
1001 2221 1306 2289 χορίαμβον
1337 2218 1426 2271 καὶ
1462 2221 1660 2286 ἰάμβον
1691 2220 1778 2271 καὶ
1812 2223 1941 2272 συλ-

186 2318 227 2348 535
255 2301 444 2368 λαβήν.

366 2388 451 2457 55,
478 2390 506 2440 7
557 2389 645 2441 καὶ
693 2390 753 2442 τὸ
803 2388 859 2441 ἐκ
906 2399 1017 2441 τῶν
1064 2387 1525 2456 ἀντισπαστικῶν]
1575 2388 1940 2450 ἀντίσπαστος
1964 2397 2090 2454 [105”»

255 2469 318 2522 δέ
361 2469 512 2523 ἐστιν
559 2469 617 2522 ἐκ
671 2472 927 2539 βραχείας
973 2469 1062 2522 καὶ
1113 2471 1214 2522 δύο
1261 2479 1486 2539 μακρῶν
1532 2470 1621 2522 καὶ
1668 2471 1937 2539 βραχείας.

374 2635 395 2673 1
431 2630 591 2685 ἑτέραν
624 2630 854 2687 συλλαβὴν
883 2630 1024 2684 Caes„
1058 2629 1222 2684 ἐτέρων
1255 2632 1490 2688 συλλαβῶν
1523 2632 1556 2673 Ι
1562 2631 1623 2672 Μ
1642 2633 1656 2687 ΙΙ
1679 2635 1706 2671 4
1739 2631 1936 2687 συλλαβῇ

253 2688 406 2743 Tum,
440 2689 666 2747 συλλαβὴν
691 2691 789 2733 ΙΜ
811 2692 824 2745 ΙΙ
850 2695 874 2732 6
901 2690 1314 2747 βραχυκατοὶληκτα
1339 2692 1439 2733 ΙΜ
1457 2692 1471 2746 ΙΙ
1498 2694 1551 2732 13
1578 2689 1627 2733 ἐν
1651 2695 1752 2738 ταῖς
1782 2704 1935 2742 περιτ-

253 2755 352 2797 ταῖς
384 2748 488 2791 add.
523 2749 663 2791 Pauw
702 2751 716 2804 ΙΙ
763 2754 814 2791 15
848 2748 1102 2807 συζυγίαις]
1137 2751 1383 2806 συλλαβαῖς
1412 2750 1445 2791 Ι
1452 2750 1506 2791 Μ
1549 2750 1563 2804 ΙΙ
1609 2752 1661 2790 19
1694 2746 1932 2804 τεταρτην]

252 2806 475 2861 δευτέραν
507 2807 633 2850 Caes.
660 2811 674 2864 Η
707 2814 758 2850 21
793 2807 1004 2863 πέμπτην
1036 2808 1241 2862 Wilam„
1274 2807 1363 2863 μὴν
1395 2809 1503 2860 ΙΜ,
1537 2807 1724 2862 πρώτην
1756 2806 1898 2849 Pauw
1926 2812 1930 2862 Ι

252 2867 437 2921 γνώμην
469 2868 568 2910 IM
617 2869 631 2923 11
685 2871 741 2910 24
775 2866 943 2924 ἴαμβον
975 2867 1129 2919 Pauw,
1169 2874 1387 2924 τροχαῖον
1421 2867 1521 2910 IM
1561 2868 1575 2922 ΙΙ
1622 2871 1677 2909 26
1710 2865 1935 2908 ἀντισπα-

253 2939 369 2967 στων
402 2927 431 2966 J
443 2926 498 2966 M
