2090 3158
237 195 342 246 172
927 197 1159 238 ΣΧΟΛΙΑ
1189 199 1229 238 A

347 329 535 399 68,19
594 331 647 381 Γ
641 332 916 397 ουνοῦμαί
954 329 1028 399 6',
1069 329 1396 399 ἐλαφηβόλε,

591 410 768 478 ξανθὴ
808 421 907 464 παῖ
945 413 1102 479 Διός,
1144 412 1354 480 ἀγρίων

769 492 1024 546 δέσποιν’
1046 491 1261 562 Ἄρτεμι
1301 499 1512 563 θηρῶν,

590 575 622 642 ἤ
664 595 765 627 κου
807 583 914 627 νῦν
952 573 1041 626 ἐπὶ
1083 578 1340 642 Ληθαίου

167 676 186 708 5
592 658 778 725 δίνῃσι
816 657 1250 725 θρασυκαρδίων

590 737 814 805 ἀνδρῶν
854 737 1152 807 ἑσκατορᾷς
1191 740 1355 791 πόλιν

593 817 871 887 χαίρουσ’·
913 819 1123 886 οὐγὰρ
1166 818 1474 887 ἀνημέρους

767 902 1076 966 ποιμαίνεις
1115 903 1376 968 πολιήτας
1416 899 1633 971 (Anaor.
1663 899 1732 972 1).

348 982 433 1049 68,
459 981 528 1033 25
562 983 622 1034 τὸ
656 986 972 1034 τελευταῖον
1003 989 1101 1034 τοῦ
1138 985 1501 1051 συστήματοςε
1542 982 1571 1035 ὅ
1597 982 1747 1035 ἐστιν
1779 982 1926 1035 ἀντι·
1952 988 2080 1047 [129]

168 1082 209 1114 10
235 1064 538 1116 σπαστικὸν
578 1061 948 1131 ἑφθημιμερές
988 1057 1109 1115 οἷον
1142 1065 1202 1116 τὸ
1235 1065 1422 1133 τρίτον
1463 1062 1761 1116 δέσποιν’
1785 1062 1926 1131 ’Ἁρ-

233 1164 374 1210 τεμι
415 1149 654 1212 θηρῶν.

347 1226 431 1294 68,
457 1226 527 1277 25
559 1227 621 1278 τὸ
653 1226 992 1294 τελευταῖον]
1032 1228 1407 1294 ποιμαίνεις
1446 1228 1759 1294 πολιήτας
1792 1227 1923 1292 ὅπερ

235 1306 338 1359 ἀπὸ
379 1314 474 1374 τῆς
515 1306 684 1376 ἀρχῆς
724 1306 873 1360 ἐστὶν
913 1309 1132 1375 ὄγδοον.

347 1388 431 1457 69,
458 1388 488 1440 8
539 1388 611 1450 ὡς
658 1389 795 1456 μηδὲ
843 1397 1088 1457 στροφῆς
1135 1388 1264 1456 ὅλης
1311 1385 1454 1441 εἶναι
1492 1389 1924 1457 <ὑπονοητικοὲ);
1957 1400 2042 1439 222

167 1488 208 1520 15
235 1470 308 1531 ὡς
348 1472 398 1522 εἰ
434 1470 592 1539 τύχοι
623 1479 794 1538 τριῶν
826 1472 1036 1537 κώλων,
1071 1470 1207 1522 ὥστε
1239 1471 1310 1538 μὴ
1345 1471 1624 1523 δύνασθαι
1657 1472 1734 1532 εἰς
1766 1485 1924 1539 στρο-

234 1552 343 1618 φὰς
389 1552 728 1619 διαιρεῖσθαι
776 1550 953 1604 καιτοὶ
1006 1554 1121 1620 εἰκῆ
1170 1551 1541 1620 γεγραμμένα,
1598 1550 1712 1603 ἀλλ’
1761 1552 1926 1604 οὐδὲν

233 1633 293 1684 τὸ
336 1634 579 1686 δυνατὸν
616 1641 717 1685 τοῦ
758 1634 1100 1700 διαιρεῖσθαι
1139 1631 1349 1702 ἔχοντα.

348 1715 434 1781 69,
464 1715 526 1766 11
572 1713 890 1783 ἀμοιβαῖον]
933 1715 1113 1782 ὥσπερ
1151 1713 1411 1780 Ἠλέκτρα
1445 1714 1751 1781 διαλέγεται
1789 1716 1926 1783 πρὸς

237 1796 333 1846 τὸν
372 1796 542 1864 χορὸν
581 1797 728 1864 παρὰ
769 1800 1063 1864 Σοφοκλεῖ.

167 1897 209 1928 20
347 1876 432 1944 69,
461 1877 528 1928 12
569 1876 601 1944 ἢ
641 1877 776 1929 κατὰ
809 1876 1106 1945 ἐφύμνιον]
1143 1878 1203 1929 τὸ
1235 1878 1384 1945 <εῑς>
1416 1878 1553 1930 θεὸν
1586 1876 1925 1947 ἐπᾳδόμενον

234 1956 411 2028 μέτρῳ
452 1965 526 2030 τῷ
559 1957 914 2029 προκειμένῳ.

346 2038 432 2107 69,
461 2040 527 2090 12
576 2040 608 2108 ἢ
656 2040 791 2092 κατὰ
840 2038 1077 2111 ἐπῳδὸν]
1126 2041 1185 2092 τὸ
1234 2038 1577 2110 ἐπᾳδόμενον
1623 2039 1799 2111 μέτρῳ
1847 2046 1922 2111 τῷ

233 2119 574 2191 προκειμένῳ
614 2121 645 2189 ἢ
686 2129 800 2182 τοῖς
839 2120 1233 2189 προκειμένοις.

346 2202 440 2270 69,
469 2202 549 2253 12.
579 2202 646 2254 13
701 2201 768 2269 <ἢ
826 2201 951 2254 κατ’
998 2204 1130 2255 ἄλλο
1186 2224 1237 2255 τι
1289 2202 1686 2271 ἆναφώνημα>ε
1744 2203 1816 2265 ὡς
1862 2205 1922 2255 τὸ

167 2303 208 2334 25
234 2290 340 2350 φεῦ
382 2291 508 2351 φεῦ,
550 2285 637 2336 ιὀὺ
679 2284 781 2336 ιὀύ.

355 2419 437 2455 1-
443 2418 467 2456 8
501 2426 658 2456 versus
690 2414 738 2456 in
772 2414 870 2457 1M
896 2413 968 2456 bis
1003 2414 1185 2470 scripti,
1229 2415 1430 2470 primum
1462 2415 1617 2471 nigro,
1651 2417 1751 2457 tum
1783 2414 1922 2458 rubro

235 2474 495 2515 atramento
522 2475 585 2529 114
618 2470 647 2527 η’
679 2489 764 2515 κου
797 2473 965 2530 Bergk
1000 2472 1104 2517 ἵκου
1137 2474 1230 2518 ΙΜ
1266 2476 1280 2530 Η
1314 2479 1338 2516 5
1370 2471 1735 2529 θρασυκαρδίων
1767 2474 1922 2530 Bergk

235 2544 289 2573 ex
315 2531 400 2575 Rh.
428 2547 492 2588 gr.
509 2531 571 2574 VI
590 2536 689 2582 129,
702 2538 749 2583 33
775 2530 1110 2587 θρασκαρδίων
1137 2533 1258 2577 ἔστιν
1283 2535 1314 2575 Ι
1323 2533 1383 2575 M
1403 2535 1416 2589 ΙΙ
1441 2537 1466 2575 6
1493 2533 1743 2593 ἐσκατορᾷς
1768 2532 1922 2600 Bergk

235 2603 289 2632 ex
322 2590 472 2646 Apoll.
501 2591 558 2634 de
591 2594 711 2646 synt.
745 2606 787 2646 p.
817 2596 887 2643 55,
907 2596 976 2644 22,
1011 2591 1282 2645 ἐσκατόραις
1313 2592 1385 2635 vel
1417 2591 1660 2646 ἐσκατόρες
1690 2579 1790 2634 ΙΜ
1829 2593 1833 2646 Ι
1873 2592 1921 2634 in

236 2651 269 2692 I
273 2650 333 2690 JI
360 2663 517 2692 versus
550 2653 706 2693 sextus
741 2626 940 2693 efficifiur
970 2665 1038 2693 vv
1068 2651 1188 2694 ἔστιν
1207 2650 1564 2706 -ἐσκατόραις,
1599 2650 1823 2706 septimus
1852 2666 1918 2693 vv.

235 2706 369 2752 πόλιν
386 2734 441 2740 -
461 2707 720 2765 ἀνημέρους
743 2711 756 2764 Η
781 2714 806 2751 8
839 2707 1103 2765 ποιμαίνεις
1135 2724 1246 2752 eorl.
1274 2723 1330 2754 ex
1361 2716 1604 2781 ποιμανεῖς
1628 2709 1689 2751 Μ
1709 2711 1722 2765 ΙΙ
1748 2713 1772 2751 9
1805 2710 1921 2752 ἀνα-

237 2768 479 2810 παιστικὸν
514 2770 573 2811 M
609 2771 621 2822 ΙΙ
661 2773 711 2811 17
747 2768 912 2825 ἔχοντα
945 2768 1172 2824 Westph„
1206 2769 1286 2824 qui
1319 2784 1384 2813 vv‚
1419 2766 1710 2826 καίτοι-ἔχ
1715 2785 1827 2811 οντα
1861 2769 1921 2811 ad

235 2825 291 2868 τὰ
316 2825 492 2880 ἄτμητοι
519 2831 775 2880 69,16--20
806 2827 1230 2884 19111111ίηέχοντος
1250 2829 1374 2883 Iun
1392 2832 1447 2871 20
1474 2827 1574 2877 εἰς
1561 2841 1697 2870 mser.
1685 2786 1886 2870 76Wilam
1908 2830 1921 2882 Η

237 2889 292 2926 24
333 2884 504 2927 lemma
546 2886 651 2928 add.
678 2885 889 2941 Westph.
945 2889 948 2942 Ι
998 2901 1066 2929 vv
1103 2887 1162 2938 ὡς
1194 2887 1244 2930 τὸ
1278 2893 1366 2942 φεῦ
1401 2893 1489 2942 φεῦ
1523 2887 1596 2930 ἰοὺ
1630 2886 1703 2930 ἰού
1743 2886 1792 2928 111
1824 2887 1926 2929 ΙΜ

238 2946 344 2986 sunt
374 2946 481 2998 post
513 2945 578 2993 εἰς
609 2945 693 2987 δύο
727 2943 974 2998 διαιρέσεις
