2060 3168
201 175 307 227 348
581 177 1001 218 COMMENTARII
1030 179 1111 218 DE
1143 178 1516 220 HEXAMETRO

319 312 357 351 3.
390 306 673 362 Μείουροι
705 307 758 353 δέ
789 309 906 352 εἰσιν
940 308 982 352 οἱ
1016 308 1092 352 ἐπὶ
1123 315 1204 365 τῆς
1235 308 1425 367 ἐκβολῆς
1456 305 1557 352 οἷον

381 379 532 430 Τρῶες
564 372 608 418 δ’
639 373 902 432 ἐρρίγησαν,
936 372 1059 426 ὅπως
1091 374 1195 419 ἴδον
1228 375 1388 419 αἰόλον
1421 374 1534 430 ὄφιν
1566 377 1641 432 (M
1654 378 1755 433 208)

376 441 490 496 καλὴ
523 440 808 485 Κασσιέπεια
839 444 975 492 θεοῖς
1007 439 1150 497 δέμας
1182 441 1360 485 ἐοικυῖα
1393 443 1455 498 (Θ
1473 445 1576 499 305)

375 515 457 551 τοῦ
491 506 637 563 φέρον
670 507 902 563 ἐμπλήσας
933 507 1078 551 ἀσκὸν
1110 506 1268 564 μέγαν,
1303 507 1352 552 ἐν
1378 509 1429 552 δὲ
1461 509 1542 552 καὶ
1566 508 1647 564 ἤια
1675 511 1708 567 (ι
1726 512 1829 566 212)

154 686 171 717 5
246 665 294 717 2.
334 665 417 718 Ps.
444 665 774 734 Hephaestio
816 668 848 731 ξ
885 662 978 717 11¹³
1019 663 1182 736 (Dies.
1215 663 1436 736 Argenb.
1469 665 1519 717 X
1545 666 1668 719 238.
1694 665 1842 738 289).

315 773 463 829 Πάθη
505 773 556 818 δὲ
595 774 739 817 αὐτοῦ
778 771 885 829 τρία
925 772 1009 829 μὲν
1049 773 1168 817 κατὰ
1205 774 1258 818 τὸ
1299 772 1518 831 μέγεθος,
1558 772 1663 829 τρία
1696 774 1748 819 δὲ
1779 773 1888 819 κατ’

199 840 421 895 ἔλλειψιν·
470 840 588 904 κατὰ
621 839 863 898 μέγεθος
894 838 944 884 τό
977 857 1024 884 τε
1056 838 1304 896 λεγόμενον
1337 840 1694 897 μακροκέφαλον
1725 843 1806 885 καὶ
1836 842 1890 885 τὸ

195 904 466 961 προκοίλιον
498 907 577 950 καὶ
609 907 660 950 τὸ
694 904 1012 962 μακροσκελές.

318 987 355 1024 1.
404 981 498 1024 Καὶ
531 979 970 1037 μακροκέφαλον
1002 979 1109 1037 μέν,
1143 979 1254 1025 ὅταν
1286 982 1514 1040 πλεονάζῃ
1548 982 1746 1041 συλλαβὴ
1780 980 1882 1026 κατ’

131 1062 172 1094 10
198 1047 345 1106 ἀρχὴν
377 1047 457 1091 καὶ
488 1046 751 1103 συναίρεσις
782 1046 967 1104 γίνηται
999 1048 1084 1092 δύο
1119 1051 1356 1108 συλλαβῶν
1389 1049 1454 1099 εἰς
1484 1047 1619 1105 μίαν,
1655 1050 1716 1099 ὡς
1747 1049 1797 1094 ἐν
1828 1053 1892 1108 τῷ

197 1117 254 1171 (Α
282 1120 348 1158 15.
376 1117 478 1169 374)

372 1179 547 1240 χρυσέῳ
580 1181 674 1225 ἀνὰ
708 1181 934 1240 σκήπτρῳ.

316 1263 353 1298 2.
387 1254 747 1310 προκοίλιον,
782 1254 895 1299 ὅταν
927 1256 978 1299 τὸ
1012 1256 1126 1299 αὐτὸ
1158 1263 1294 1300 τοῦτο
1328 1255 1448 1300 κατὰ
1479 1256 1531 1300 τὸ
1565 1255 1704 1312 μέσον
1736 1256 1892 1316 πάθῃ,

197 1322 258 1372 ὡς
291 1322 339 1366 ἐν
370 1325 432 1381 τῷ
459 1323 527 1378 (H
548 1327 601 1365 21
630 1322 762 1374 alibi)

129 1407 170 1439 15
374 1383 408 1431 ὦ
441 1387 620 1446 Ἀχιλεῦ,
652 1387 844 1445 Πηλέως
873 1387 958 1432 υἱέ.

317 1467 354 1506 3.
405 1462 782 1518 μακροσκελὲς
821 1460 896 1517 δέ,
946 1460 1058 1507 ὅταν
1103 1463 1303 1521 συλλαβὴ
1344 1463 1463 1507 κατὰ
1502 1464 1552 1508 τὸ
1593 1462 1720 1513 τέλος
1758 1466 1890 1507 πλεο-

196 1528 325 1587 νάζῃ,
358 1530 419 1580 ὡς
451 1529 500 1573 ἐν
532 1533 595 1588 τῷ
621 1531 664 1585 (γ
692 1531 795 1585 278)

373 1593 474 1639 ἀλλ’
505 1594 577 1640 ’ὅτε
611 1596 818 1640 Σούνιον
850 1595 953 1651 ἱρὸν
987 1594 1247 1657 ἀφικόμεθῗ
1276 1597 1423 1652 ἄκρον
1455 1596 1698 1651 Ἀθηνέων.

319 1661 388 1705 Τὰ
436 1662 487 1706 δὲ
533 1661 636 1707 κατ’
677 1663 954 1719 ἔλλειψιν,
1001 1664 1062 1713 ὡς
1099 1663 1151 1706 τὸ
1192 1662 1439 1721 λεγόμενον
1479 1663 1718 1719 ἀκέφαλον
1757 1662 1810 1707 τό
1841 1680 1891 1708 τε

130 1749 172 1780 ‘20
197 1730 400 1786 λαγαρὸν
434 1730 512 1773 καὶ
544 1730 595 1773 τὸ
629 1727 860 1785 μείουρον.

315 1809 356 1847 4.
398 1803 686 1859 ἀκέφαλον
727 1802 809 1860 μὲν
849 1805 899 1848 τὸ
941 1805 1149 1849 ἐλλεῖπον
1181 1803 1333 1863 χρόνῳ
1366 1804 1486 1848 κατὰ
1517 1805 1600 1861 τὴν
1633 1805 1795 1862 ἀρχήν,
1829 1805 1893 1854 ὡς

197 1871 245 1915 ἐν
277 1871 421 1930 τούτῳ
455 1873 526 1928 (Ψ
548 1873 590 1927 2)

375 1937 534 1994 ἐπειδὴ
568 1937 685 1992 νῆάς
716 1953 764 1981 τε
796 1938 876 1981 καὶ
901 1935 1244 1992 “Ελλήσποντον
1277 1937 1445 1982 ἵκοντο.

319 2091 340 2129 1
360 2087 534 2129 miuros
548 2085 650 2130 Ter.
662 2085 876 2129 Mam-VI
892 2101 931 2128 v.
946 2091 1058 2129 1929
1078 2086 1092 2142 Η
1111 2091 1135 2129 2
1155 2086 1214 2129 ad
1230 2086 1319 2130 hoe
1337 2086 1532 2142 exempl.
1552 2086 1657 2130 add.
1675 2084 1891 2128 nonnulli

199 2145 520 2189 commentarii
544 2147 597 2188 ut
622 2146 708 2188 An.
723 2145 879 2188 Ambr.
895 2145 979 2187 AV
993 2150 1078 2188 243
1105 2147 1152 2188 et
1172 2145 1323 2189 TzetZ.
1343 2147 1643 2202 (praenomen
1669 2145 1816 2200 deest)
1840 2144 1889 2186 in

198 2206 297 2248 cod.
310 2205 447 2248 Vind.
467 2204 608 2248 bheol
628 2218 777 2261 graec.
799 2209 883 2247 287
902 2204 1074 2248 fol.17V
1099 2205 1203 2249 ιὸοὺ
1229 2205 1316 2261 γὰρ
1343 2205 1370 2260 ἡ
1395 2204 1510 2279 εκτη
1524 2206 1650 2262 χωρα
1675 2202 1893 2259 μείουρος

198 2263 356 2321 γέγονε
389 2267 694 2321 παχνωθεῑσα
727 2264 806 2306 καὶ
839 2267 1108 2307 συσταλεῖσα
1132 2267 1196 2322 τῷ
1222 2262 1352 2337 φόβῳ
1378 2272 1459 2308 τοῦ
1486 2263 1656 2319 ὄφεως·
1691 2263 1888 2306 εἰώθασι

197 2324 283 2380 γὰρ
319 2323 362 2366 οἱ
394 2324 583 2379 ποιηταὶ
613 2330 711 2374 τοῖς
741 2322 918 2366 πάθεσι
950 2324 1031 2366 καὶ
1061 2330 1158 2373 τοῖς
1187 2338 1425 2380 πραγμασι
1458 2326 1717 2378 συμπαθῶς
1749 2319 1888 2365 ἐκτεί-

198 2399 295 2426 νειν
335 2384 413 2426 καὶ
454 2381 711 2426 συστελλειν
759 2383 820 2432 ὡς
867 2399 925 2425 αν
965 2383 1044 2425 καὶ
1091 2381 1147 2425 τὰ
1190 2381 1273 2437 ἔπη
1307 2382 1550 2440 συμπασχῃ
1597 2388 1695 2432 τοῖς
1736 2380 1888 2423 παθε-

199 2456 292 2492 σιν,
333 2455 453 2497 quae
491 2442 631 2484 verba
672 2440 954 2484 Grossmann
993 2441 1022 2483 1.
1057 2455 1093 2484 c.
1129 2446 1183 2484 39
1224 2441 1345 2496 (coll.
1381 2441 1594 2484 Eustath.
1627 2441 1688 2483 ad
1719 2443 1776 2483 M
1802 2444 1887 2482 208

196 2516 239 2556 p.
267 2506 367 2553 900,
388 2504 541 2556 7sqq.)
575 2514 630 2543 ex
670 2499 859 2543 scholiis
892 2500 1042 2556 Heph.
1076 2500 1263 2543 fluxisse
1303 2503 1480 2554 eenset3
1522 2501 1579 2544 ef.
1612 2499 1747 2543 Dion.
1780 2498 1885 2541 Hal.

198 2560 255 2603 de
289 2574 324 2603 o.
351 2575 390 2603 v.
418 2560 501 2602 XV
531 2575 575 2615 p.
604 2563 883 2612 59‚15—61,
906 2564 957 2601 19

318 2697 342 2734 3
377 2693 502 2747 apud
534 2692 787 2736 Homerum
825 2693 863 2735 Θ
890 2696 974 2734 305
1014 2692 1091 2734 hie
1132 2695 1202 2735 esf,
1240 2692 1356 2747 καλὴ
1391 2691 1706 2745 Καστιάνειρα
1746 2689 1888 2745 δέμας

198 2751 349 2793 εἰκυῖα
381 2754 520 2807 θεησι
544 2753 557 2807 Η
581 2756 607 2793 4
641 2751 717 2794 hic
742 2764 901 2794 versus
927 2751 1241 2807 δολιχόουρος,
1274 2765 1366 2794 non
1391 2749 1605 2806 μείουρος
1629 2751 1699 2792 est
1723 2751 1736 2805 ΙΙ
1762 2753 1787 2791 6
1814 2749 1883 2792 ed.

198 2823 252 2851 ex
287 2811 331 2853 P
361 2810 476 2865 (Par.
504 2812 636 2865 2008)
670 2812 717 2854 et
750 2811 795 2854 R
827 2809 1155 2865 (Vatic.1405)
1191 2813 1196 2867 Ι
1233 2809 1450 2866 μέγεθος]
1483 2810 1720 2864 exspectes
1751 2810 1887 2850 πλεο-

198 2869 376 2923 νασμὸν
408 2870 598 2924 propter
631 2874 759 2912 916
814 2870 898 2924 ΙΙ’“
883 2867 1151 2926 μέγεθος]
1184 2869 1476 2924 πλεονασμὸν
1503 2869 1548 2912 R
1600 2870 1613 2923 ΙΙ
1670 2871 1722 2909 19
1754 2865 1807 2910 τό
1839 2882 1886 2910 τε

198 2941 286 2970 om
322 2929 366 2971 P
