2090 3158
569 159 679 199 VIII
695 158 855 200 s—IX
873 169 891 200 1
924 158 1069 199 ΠΕΡΙ
1098 157 1521 200 ΧΟΡΙΑΜΒΙΚΟΤ
1788 155 1889 208 137

202 292 462 360 κρητικὸν
494 290 903 361 συνεχέστερον.
956 293 1167 360 γίνεται
1200 290 1261 343 δὲ
1285 289 1374 343 καὶ
1404 290 1768 360 διαλυομένης
1799 299 1894 359 τῆς

202 375 418 444 πρώτης
471 381 680 441 μακρᾶς
735 374 813 436 εἰς
868 373 971 426 δύο
1027 373 1286 442 βραχείας
1339 373 1785 441 πεντασύλλαβος
1835 371 1894 425 ἐκ

202 456 422 525 χορείου
455 452 546 507 καὶ
580 455 803 523 ἰάμβου·
838 454 977 507 ὅθεν
1005 458 1134 515 ἴσως
1162 453 1252 505 καὶ
1277 454 1638 522 χοριαμβικὸν
1664 452 1891 522 ἐκλήθη·

201 537 272 604 μὴ
314 534 709 604 διαλελυμένης
748 536 853 604 γὰρ
893 543 988 604 τῆς
1027 535 1246 604 πρώτης
1284 543 1493 604 μακρᾶς
1532 535 1644 587 ἔδει
1682 539 1894 601 μᾶλλον

202 617 594 686 τροχιαμβικὸν
632 621 943 670 καλεῖσθαι·
985 616 1014 670 ὁ
1054 616 1158 685 γὰρ
1199 617 1499 685 χορίαμβος
1534 613 1594 668 ἐκ
1632 618 1892 685 τροχαίου
1941 637 1962 668 5

203 696 293 751 καὶ
350 698 551 767 ἰάμβου
600 698 906 766 σύγκειται,
961 697 1020 751 ἐκ
1073 705 1282 766 μακρᾶς
1332 695 1422 749 καὶ
1472 698 1575 750 δύο
1621 698 1894 766 βραχειῶν

203 780 294 832 καὶ
331 787 561 849 μακρᾶςε
603 810 662 816 -
698 778 924 832 AGDI

314 863 614 914 κοινωνίαν
668 862 776 929 ε”χει
831 860 864 929 ἡ
920 861 1248 931 χοριαμβικὴ
1302 861 1440 930 πρὸς
1492 861 1587 923 τὰς
1644 861 1895 929 ἰαμβικὰς

204 944 484 1011 συζυγίαςε
531 973 593 980 -
622 941 772 995 AiC⁹

316 1022 402 1092 29,
426 1023 462 1075 4
514 1023 762 1090 ἐπίμικτα
816 1028 970 1076 καλεῖ
1015 1025 1080 1076 τὰ
1129 1025 1324 1092 ἔχοντα
1370 1021 1688 1092 ἐπιμίκτους
1737 1026 1895 1088 συζυ-
1922 1043 1965 1074 ιο

206 1107 349 1172 γιάς·
390 1103 641 1173 ἐπίμικτα
682 1105 744 1157 δὲ
781 1106 925 1158 καθὸ
965 1103 1056 1158 καὶ
1095 1103 1224 1158 καθ’
1257 1103 1455 1158 ἑαυτὸν
1493 1106 1680 1172 μικτὸς
1712 1104 1740 1158 ὁ
1773 1125 1896 1174 χορ-

205 1188 417 1255 ίαμβος,
458 1186 530 1248 ὡς
569 1184 658 1239 καὶ
700 1187 752 1240 οἱ
793 1187 950 1239 ἄλλοι
990 1187 1438 1255 τετρασύλλαβοι,
1472 1185 1531 1239 ἐκ
1571 1187 1675 1239 δύο
1707 1188 1898 1239 ποδῶν

206 1267 395 1320 ἁπλῶν
435 1268 603 1330 ὄντες.
666 1269 718 1320 ει’
754 1264 857 1320 οὖν
895 1267 1026 1320 καθ’
1057 1266 1255 1321 ἑαυτὸν
1286 1269 1488 1335 μικτός,
1529 1268 1699 1321 ἄλλον
1730 1281 1898 1337 προσ-

207 1349 394 1417 λαβὼν
433 1348 710 1416 ἐπίμικτος
750 1351 922 1402 ἔσταιε
961 1381 1035 1387 -
1058 1349 1216 1403 ACI

90 1438 173 1478 180
295 1423 412 1499 ’29,
444 1430 476 1482 6
531 1431 563 1499 ἡ
619 1431 723 1500 γὰρ
778 1432 1062 1483 τελευταία
1115 1430 1420 1500 ἀδιάφορος
1475 1426 1617 1484 οὖσα
1671 1432 1780 1500 ἅμα
1828 1438 1896 1503 τςῖ
1923 1450 1966 1482 15

75 1516 173 1575 [55]
209 1512 384 1583 ἰάμβῳ
425 1513 685 1581 βακχεῖον
723 1520 884 1580 ποιεῖ,
925 1512 1014 1565 ὅτε
1045 1513 1225 1582 μακρά
1257 1511 1424 1580 ἐστιν,
1457 1512 1488 1580 ἢ
1523 1511 1896 1582 άμφίβραχυν,

210 1594 298 1647 ὅτε
331 1593 558 1662 βραχεῖά
589 1592 753 1646 ἐστιν.
790 1624 853 1631 —
892 1595 1005 1660 <εἰς
1044 1595 1145 1662 τὴν
1187 1595 1392 1664 ίδίαν>;
1433 1595 1510 1656 εἰς
1542 1595 1643 1663 τὴν
1674 1614 1898 1663 χοριαμ-

208 1676 372 1743 βικὴν
411 1675 760 1728 κατάκλειδαε
799 1674 1119 1728 —ACDI

320 1757 407 1825 29,
433 1757 464 1808 8
514 1756 603 1809 ὅτε
650 1756 682 1825 ἡ
732 1758 1056 1827 χοριαμβικὴ
1106 1757 1438 1826 φυλάττεται
1477 1755 1785 1826 κατάληξιςε
1827 1789 1895 1794 -

207 1837 344 1892 AC⁹
1919 1858 1965 1889 20
2036 1856 2039 1858 ·

320 1918 407 1987 29,
433 1919 464 1971 8
507 1919 535 1972 ὁ
576 1920 680 1988 γὰρ
713 1919 981 1982 δάκτυλος
1015 1920 1164 1990 παρὰ
1194 1921 1296 1988 τὴν
1326 1922 1645 1974 τελευταίαν
1684 1921 1898 1990 μακρὰν

210 2002 508 2071 χορίαμβός
546 1998 716 2053 ε’στιν;
757 2031 828 2038 -
853 2000 1072 2054 ACDI

330 2174 355 2211 3
388 2168 444 2212 Is.
472 2167 624 2212 Tzetz.
650 2168 735 2211 ΑΡ
759 2169 779 2211 Ι
805 2173 875 2223 69,
895 2174 948 2212 13
964 2183 1063 2225 sqq.
1102 2169 1158 2213 cf.
1186 2170 1301 2214 Mar.
1323 2170 1442 2215 vict.
1471 2170 1553 2214 GL
1578 2170 1642 2214 VI
1666 2173 1736 2223 86,
1755 2175 1780 2213 3

334 2322 354 2359 1
397 2318 504 2373 post
552 2316 769 2373 κρητικὸν
812 2316 918 2360 add.
958 2316 1040 2361 τὸν
1087 2318 1168 2361 καὶ
1214 2316 1518 2375 ἀμφίμακρον
1559 2320 1589 2361 Ι
1639 2321 1653 2374 ΙΙ
1708 2323 1733 2360 3
1775 2317 1899 2375 ἴσως]

213 2375 315 2420 ἴσθι
350 2377 387 2420 0
432 2378 437 2432 1
486 2378 596 2432 post
634 2375 806 2432 ἐκλήθη
849 2376 954 2419 add.
996 2375 1116 2420 κατὰ
1155 2382 1386 2435 Λογγῖνον
1426 2377 1548 2433 Epit.
1582 2377 1725 2420 Paris.
1761 2376 1901 2432 (infra

213 2437 419 2491 exarata)
444 2437 458 2491 ΙΙ
483 2440 509 2478 4
534 2434 593 2491 μὴ
620 2436 660 2487 Ι,
693 2448 779 2478 om.
800 2436 948 2480 ACD
972 2438 986 2491 ΙΙ
1011 2441 1036 2479 5
1059 2437 1411 2510 τροχιαμβικὸν]
1436 2436 1684 2493 τροχαίκὸν
1709 2438 1743 2479 Ι
1762 2437 1768 2493 Ι
1795 2437 1901 2491 post

214 2497 460 2538 καλεῖσθαι
493 2495 598 2537 add.
625 2495 659 2537 Ι
686 2493 785 2538 ἐπεὶ
810 2494 860 2539 δὲ
893 2495 1130 2539 διαλύεται
1155 2495 1182 2552 ἡ
1207 2498 1362 2552 πρώτη
1395 2495 1564 2551 μακρά,
1595 2494 1901 2553 χοριαμβικὸν

214 2553 428 2608 κέκληται
480 2555 494 2609 ΙΙ
550 2558 575 2596 6
614 2555 722 2609 post
761 2554 995 2611 σύγκειται
1037 2554 1142 2598 add.
1178 2554 1322 2612 ἤγουν
1355 2557 1387 2598 Ι
1435 2558 1448 2610 ΙΙ
1506 2561 1556 2598 11
1596 2555 1674 2598 καὶ
1707 2568 1794 2597 om.
1824 2555 1862 2598 C
1888 2556 1901 2609 ΙΙ

217 2617 269 2655 13
304 2612 411 2656 ἄλλο
437 2614 496 2667 A,
530 2612 637 2656 ἄλλο
672 2611 695 2656 ὁ
721 2615 785 2668 ΙΙΙ
813 2617 983 2656 15—18
1017 2613 1064 2656 in
1090 2616 1124 2658 I
1147 2617 1255 2670 post
1279 2619 1421 2667 47,12
1448 2617 1461 2670 ΙΙ
1488 2619 1539 2657 17
1569 2614 1633 2663 εἰς
1663 2613 1747 2669 τὴν
1773 2610 1902 2657 ἰδίαν

216 2673 267 2715 ut
308 2671 480 2714 lemma
524 2671 708 2725 addidi,
752 2672 801 2714 in
842 2673 974 2715 codd.
1016 2674 1173 2716 omnia
1212 2689 1356 2717 unum
1396 2673 1606 2717 efficiunt
1648 2672 1901 2729 scholion}

218 2735 270 2774 19
304 2731 352 2773 in
384 2732 433 2774 D
474 2731 696 2786 scriptum
738 2732 809 2774 est
847 2731 935 2774 hoc
975 2731 1181 2776 scholion
1223 2733 1284 2776 ad
1317 2738 1386 2786 29,
1408 2737 1429 2775 7
1465 2733 1530 2782 εἰς
1563 2731 1648 2787 τὴν
1681 2731 1902 2789 ἰαμβικὴν

215 2792 496 2834 κατακλεῖδα
544 2789 643 2844 ἤτοι
690 2788 993 2846 ἀμφίμακρον
1041 2792 1120 2834 καὶ
1165 2799 1300 2836 τοῦτο
1348 2791 1428 2835 διὰ
1467 2791 1552 2847 τὴν
1591 2790 1858 2846 ἀδιάφορον
1888 2790 1903 2848 Η

218 2853 270 2892 21
305 2849 433 2903 παρὰ
468 2850 515 2902 C,
547 2850 652 2903 περὶ
683 2851 748 2903 D,
782 2848 860 2894 διὰ
893 2851 937 2893 A
983 2852 998 2906 ΙΙ
1045 2855 1099 2893 22
1131 2851 1224 2894 DI
1251 2851 1356 2895 add.
1392 2848 1493 2895 οἷόν
1525 2851 1619 2895 ἐστι
1651 2851 1902 2893 κάνταῦθα

216 2908 267 2951 τὸ
301 2906 514 2964 μείρακες
