2060 3168
666 133 730 175 lx
768 133 915 175 ΠΕΡΙ
944 133 1294 176 ΠΑΙΩΝΙΚΟΤ
1719 131 1827 186 399

141 263 165 311 ὃ
198 264 258 377 ὸέὴ
289 265 371 309 καὶ
402 262 629 322 ἐπίσημον
657 262 771 314 τέως
803 264 853 309 ἐν
877 273 975 318 τοῖς
1006 265 1056 310 ἐκ
1087 264 1318 325 βακχείων
1340 273 1619 317 παιωνικοϊς
1648 264 1831 323 μέτροις

137 333 214 379 ἐστ
234 348 276 376 ν.

253 396 684 455 Ὗπερκατάληκτον
715 398 1019 457 τετράμετρον
1049 399 1101 444 τὸ
1414 421 1441 455 ρ

408 470 486 517 ἰ’να
516 488 589 516 τοι
620 469 746 528 ᾇύσι’
775 472 937 531 ἄσαιμι
969 474 1140 526 σωθεὶς
1169 472 1342 533 βρόχου
1373 490 1435 530 γε.

135 551 331 611 Ὁμοίως
369 554 421 598 δὲ
459 554 540 598 καὶ
570 553 628 598 τὰ
662 553 953 611 πεντάμετρα
984 556 1066 599 καὶ
1097 554 1319 611 ἑξάμετρα
1350 554 1559 612 κρητικοί.
1627 555 1689 599 Τὸ
1724 552 1831 600 ὅλον
1877 569 1897 601 5

142 620 195 667 δὲ
226 637 278 666 το
409 678 488 725 ἴνα
517 696 591 724 τοι
624 677 744 737 ἆύσι’
776 680 938 737 ἄσαιμι
965 682 1141 732 ’σωθεὶς
1171 680 1353 740 βρόχων
1384 680 1653 726 ἀντιπάλων

138 768 222 806 τοῦ
253 759 503 819 Ἀλκμᾶνος
531 760 812 818 ὠνόμασται,
846 759 915 806 ὄτι
945 764 1098 823 πολλῷ
1130 762 1354 820 ἐχρήσατο
1378 766 1440 823 τῷ
1467 763 1660 823 τοιούτῳ
1685 761 1832 823 μέτρῳ

136 825 345 885 Ἀλκμάν,
377 827 528 884 ὥσπερ
561 828 642 872 καὶ
674 826 979 887 Βακχυλίδης.

256 892 429 940 Ἰστέον
461 893 514 940 δὲ
544 895 625 940 καὶ
655 901 815 950 τοῦτο,
848 893 918 940 ὅτι
948 894 1080 951 ἡμεῖς
1109 894 1194 952 μὲν
1224 899 1452 951 καθαρῶν
1482 903 1754 941 παιωνικῶν
1783 913 1832 942 τε
1858 909 1899 940 10

144 962 225 1006 καὶ
263 969 494 1018 κρητικῶν
534 962 614 1006 καὶ
654 963 946 1021 βακχειακῶν
984 960 1262 1019 τεθείκαμεν
1299 961 1675 1020 παραδείγματα·
1717 964 1832 1009 ἔνιοι

143 1029 196 1074 δὲ
227 1036 319 1073 τῶν
350 1031 565 1074 παλαιῶν
592 1036 798 1085 ποιητῶν
824 1027 1131 1086 συμπλέκουσι
1154 1036 1252 1081 τοῖς
1273 1037 1550 1080 παιωνικοῖς
1578 1030 1659 1074 καὶ
1680 1028 1834 1081 πόδας

142 1095 401 1152 κρητικούς,
435 1094 585 1151 ὥσπερ
618 1094 676 1151 δὴ
710 1093 856 1141 ἐνίοτε
888 1096 969 1139 καὶ
993 1095 1313 1154 βακχειακούς.
1360 1095 1418 1140 τὰ
1441 1094 1598 1152 μέντοι
1623 1094 1833 1152 ἐξαίρετα

142 1161 291 1206 ταῦτά
323 1162 410 1206 εἰσι
442 1161 500 1206 τὰ
532 1163 599 1214 εἰς
628 1160 951 1219 ὑποδείγματα
980 1161 1093 1218 ἡμῖν
1126 1160 1388 1206 ἐκτεθέντα.

254 1226 486 1287 Ἐσχατον
517 1227 675 1286 μέντοι
705 1230 786 1272 καὶ
817 1228 868 1272 τὸ
898 1228 1160 1274 παιωνικὸν
1191 1226 1405 1273 τέτακται
1436 1227 1602 1285 μέτρον
1624 1236 1722 1280 τοῖς
1742 1245 1834 1273 πα-
1858 1241 1900 1274 15

144 1298 294 1346 λαιοῖς
325 1302 557 1352 μετρικοῖς
586 1295 666 1339 καὶ
699 1294 757 1351 δὴ
790 1295 871 1339 καὶ
901 1294 1027 1352 ἡμῖν,
1056 1292 1174 1350 παρ’
1203 1292 1314 1339 ὅσον
1345 1293 1613 1352 μονώτατόν
1637 1296 1731 1341 ἐστι
1753 1297 1834 1340 καὶ

146 1362 307 1408 οὐδενὶ
338 1369 431 1406 τῶν
462 1362 552 1418 πρὸ
587 1362 731 1406 αὐτοῦ
763 1360 940 1418 μέτρων
973 1359 1333 1419 ἐπιπλεκόμενον
1358 1359 1387 1418 ἢ
1412 1362 1742 1420 οἰκειούμενον,
1774 1363 1836 1413 ὡς

145 1430 204 1473 τὰ
251 1427 418 1473 ἰωνικὰ
457 1428 538 1472 καὶ
578 1427 791 1483 ἀλλήλοις
829 1429 909 1472 καὶ
946 1431 1010 1488 τῷ
1048 1430 1335 1488 χοριαμβικῷ
1374 1429 1454 1472 καὶ
1492 1429 1834 1489 ἀντισπαστικῷ

146 1497 227 1540 καὶ
257 1495 316 1541 τὰ
347 1494 502 1550 λοιποὶ,
534 1495 596 1545 ὡς
626 1493 923 1551 προείπομεν.

266 1563 361 1606 Καὶ
391 1562 498 1617 περὶ
530 1561 613 1618 μὲν
644 1570 737 1606 τῶν
770 1561 928 1606 ἁπλῶν
959 1562 1040 1606 καὶ
1071 1559 1276 1618 ἀμίκτων
1307 1561 1483 1619 μέτρων
1514 1570 1729 1606 τοσαῦτα.
1859 1575 1902 1607 zo

186 1771 198 1787 ³
266 1715 322 1816 ἴ]
358 1707 740 1768 ἐπιπλεκόμενον]
781 1709 955 1754 schol}
985 1714 1082 1763 110,
1104 1713 1158 1753 18
1196 1710 1247 1754 τὸ
1286 1710 1548 1755 παιωνικὸν
1582 1709 1835 1766 ἐπιπλοκὴν

146 1787 234 1816 ουκ
288 1786 359 1829 χει

268 1908 296 1947 4
329 1903 521 1954 συνθεὶς
553 1904 607 1947 K
647 1906 662 1960 ΙΙ
708 1908 733 1946 5
765 1903 823 1947 τὰ
854 1915 943 1946 om.
969 1903 1023 1946 K
1063 1904 1078 1958 ΙΙ
1127 1907 1150 1945 7
1183 1900 1355 1961 βρόχου
1386 1903 1433 1947 Ρ
1481 1905 1496 1959 ΙΙ
1548 1905 1603 1945 18
1634 1902 1715 1946 καὶ
1746 1902 1835 1960 pt]

150 1977 239 2008 om.
266 1965 342 2020 ΡΙ
369 1963 420 2007 τὸ
453 1962 758 2021 χοριαμβικὸν
790 1979 830 2006 κ.
863 1961 1224 2006 ἀντισπαστικὸν
1255 1963 1371 2015 PK,
1403 1975 1516 2005 corr.
1548 1961 1676 2020 Jung
