2090 3158
242 171 312 224 98
938 170 1171 212 ΣΧΟΛΙΑ
1202 171 1239 210 Α

353 306 455 376 3,4
494 309 670 368 καλῶς
710 305 810 373 οὐχ
844 305 1079 372 ὡρίσατο
1120 304 1312 372 αὐτήν·
1354 302 1421 356 οὐ
1456 304 1558 372 γὰρ
1593 304 1759 371 ἔστιν,
1793 302 1931 355 ἀλλὰ

243 391 477 457 γίνεται,
527 395 639 440 τῶν
679 383 739 439 δὲ
787 387 858 454 μὴ
901 387 1080 438 ὄντων
1120 385 1185 437 οὐ
1227 385 1311 437 δεῖ
1349 383 1607 455 παρέχειν
1647 384 1811 454 ὅρους
1859 385 1931 446 ὡς

242 471 432 523 ὄντων.
512 469 596 538 [ἐν
642 468 786 539 μέσῳ
836 464 896 519 δὲ
944 466 1155 534 ἀμφοῖν
1200 465 1419 534 κειμένη
1459 467 1617 534 κοινὴ
1655 480 1928 534 προσαγο-

243 549 498 621 ρεύεται.]
519 582 586 587 -
613 546 766 611 Τινὲς
791 549 1061 618 ὡρίσαντο
1087 549 1188 616 τὴν
1211 549 1405 615 κοινὴν
1431 548 1712 615 συλλαβὴν
1737 547 1930 609 οὕτως·

198 636 403 701 5κοινή
459 631 570 684 ἐστι
625 630 868 698 συλλαβὴ
919 627 1221 698 ἀμφίδοξος
1270 631 1546 698 συλλαβῆς
1595 629 1851 695 δύναμις,
1899 628 1932 696 ἣ

244 714 380 782 πρὸς
437 712 717 782 ἀμφότερα
769 711 1001 764 δύναται
1049 711 1442 779 λαμβάνεσθαι.
1518 717 1593 783 τῷ
1635 707 1696 763 δὲ
1734 709 1932 778 ἹΙφαι-

244 797 433 847 στίωνι
481 794 614 862 ὅρον
663 792 763 846 οὐκ
804 791 1198 860 ἔδοξεν-αὐτῆς
1238 793 1436 845 δοῦναι
1476 791 1606 845 οὐδὲ
1644 800 1739 860 τῆς
1775 790 1932 844 θέσει

241 883 470 944 μακρᾶς·
511 879 709 937 καλῶς·
751 872 939 942 ἐπειδή
979 888 1169 942 φασιν,
1209 874 1293 927 ὅτι
1333 874 1434 927 οὐκ
1471 871 1524 937 ἐξ
1558 873 1739 926 αὐτῶν
1773 874 1932 940 εἰσιν,

245 957 380 1010 ἀλλὰ
419 955 575 1009 θέσει
617 957 647 1025 ἢ
687 958 936 1025 βραχεῖαι
970 956 1001 1024 ἢ
1033 956 1234 1025 μακραὶ
1271 957 1542 1024 γίνονται·
1582 956 1838 1023 περιττὸν
1871 950 1932 1006 δὲ
1993 993 1999 998 -

175 1061 218 1092 10
243 1047 337 1106 τῆς
376 1039 446 1106 μὴ
489 1039 657 1106 οὔσης
697 1038 831 1107 ὅρον
866 1036 1194 1090 ἀποδοῦναι·
1236 1038 1292 1090 οἱ
1321 1038 1424 1107 γὰρ
1459 1037 1582 1106 ὅροι
1613 1046 1724 1089 τῶν
1755 1037 1959 1089 ὄντων·

243 1120 409 1188 φύσει
451 1119 723 1171 δίδονταιε
763 1150 836 1156 —
861 1118 914 1170 A

357 1201 405 1265 3,
433 1201 574 1252 7—9
615 1201 751 1270 πρὸς
791 1199 1020 1253 ἕκαστον
1058 1202 1124 1253 τὰ
1162 1202 1596 1270 παραδείγματαε
1635 1231 1708 1237 --
1731 1199 1799 1252 Αἰ

356 1282 406 1350 3,
432 1282 463 1333 9
506 1284 822 1351 συναίρεσις
860 1289 959 1335 τοῦ
1000 1282 1198 1385 κέραα
1235 1282 1411 1350 κέρα;
1451 1281 1592 1335 ΑὊΩ

356 1364 392 1431 Ἰ·
420 1366 472 1416 τὸ
513 1364 573 1431 {ft
612 1366 799 1432 μακρόν
832 1365 976 1432 ἐστιν,
1016 1366 1112 1417 ἀπὸ
1145 1366 1467 1432 συναιρέσεως
1498 1366 1774 1433 γινόμενον,
1814 1371 1931 1430 μᾶλ-
1967 1371 2052 1412 104

173 1459 214 1492 15
239 1446 325 1491 λον
376 1439 426 1490 δὲ
467 1440 518 1490 ἐκ
557 1441 785 1506 κράσεως.
867 1439 930 1500 ὡς
968 1441 1060 1507 γὰρ
1099 1441 1243 1507 κρέας
1286 1441 1485 1507 κρέατος
1523 1440 1606 1491 καὶ
1643 1439 1812 1506 κρέως,
1851 1440 1933 1490 καὶ
1966 1443 2033 1501 [6]

244 1515 419 1581 κρέατα
458 1513 541 1564 καὶ
578 1514 761 1592 κρέαα-
767 1514 850 1565 καὶ
888 1515 1005 1580 κρέα
1043 1515 1126 1565 καὶ
1164 1516 1261 1566 ἑστι
1304 1525 1390 1566 τοῦ
1429 1515 1546 1589 κρέα
1585 1515 1636 1565 τὸ
1677 1536 1708 1564 α
1746 1515 1933 1580 μακρὸν

240 1618 313 1624 ·-
345 1589 402 1638 ἴα
440 1589 532 1655 γὰρ
574 1589 664 1639 δύο
705 1610 769 1638 αα
808 1591 878 1648 Εἰς
918 1610 948 1638 α
989 1590 1176 1655 μακρὸν
1214 1599 1439 1656 κιρνᾶται
1469 1618 1559 1654 —7
1601 1609 1725 1639 Ουΐω
1766 1609 1848 1639 καί
1880 1590 1932 1639 Ἔὸ

240 1663 383 1755 κέρας
423 1663 623 1729 λέγομεν
662 1672 748 1713 τοῦ
787 1663 987 1729 κέρατος
1025 1663 1108 1714 καὶ
1146 1663 1319 1756 κέραος
1350 1663 1432 1714 καὶ
1463 1664 1631 1729 κέρως,
1671 1668 1734 1734 τῷ
1770 1663 1933 1728 κέρατι

240 1737 323 1788 καὶ
361 1737 497 1803 κέραι
535 1736 618 1787 καὶ
656 1737 789 1807 κέρα,
830 1738 887 1787 Ἔα
926 1737 1102 1803 κέρατα
1140 1738 1224 1789 καὶ
1254 1738 1405 1804 κέραα
1436 1738 1519 1789 καὶ
1549 1737 1682 1804 κέρα,
1721 1737 1803 1787 καὶ
1835 1738 1933 1787 &Gn

176 1830 218 1861 20
243 1812 293 1862 τὸ
335 1832 395 1876 ρα
435 1812 621 1877 μακρὸν
662 1812 714 1862 ἐκ
753 1813 988 1878 κρασδως
1032 1813 1114 1862 διὰ
1146 1812 1285 1862 ἳθῦῖό
1327 1813 1424 1862 ἐστι
1463 1813 1514 1863 τὸ
1555 1833 1616 1879 QG(
1656 1831 1930 1877 μηκυνομε-

243 1905 353 1935 νονε
391 1914 464 1919 -
493 1888 529 1933 Ι

354 1964 402 2032 3,
431 1964 499 2016 10
539 1964 571 2032 ἡ
611 1965 715 2034 γὰρ
756 1964 1063 2027 ἀνάπαυσις
1102 1974 1196 2034 τῆς
1235 1974 1422 2034 φωνῆς
1462 1967 1583 2034 ἤτοι
1621 1972 1720 2017 τοῦ
1763 1966 1931 2032 λόγου

242 2047 337 2107 τὰς
377 2046 653 2112 συλλαβὰς
693 2045 782 2098 ἀπ’
814 2045 1067 2115 ἀλλήλων
1106 2049 1411 2116 χωρίζουσα
1442 2049 1651 2116 τρόπον
1682 2047 1806 2099 τινὰ
1838 2047 1933 2108 τὰς

243 2127 450 2194 μακρὰς
489 2126 872 2196 εὐφωνοτέρας
911 2130 1262 2197 καθίστησιν;
1300 2159 1374 2166 —
1398 2127 1554 2180 ACI

178 2229 219 2261 25
357 2208 405 2276 3,
434 2208 496 2259 11
542 2207 714 2275 φησὶν
762 2209 845 2261 ὅτι
893 2209 924 2277 ἡ
972 2211 1129 2278 κοινὴ
1171 2212 1441 2279 συλλαβή,
1493 2210 1624 2262 ὅταν
1662 2207 1930 2279 καταλήξῃ

244 2290 321 2352 εἰς
360 2288 524 2358 μέρος
564 2291 753 2357 λόγου,
793 2292 1051 2359 καλλίστη
1094 2290 1265 2344 ἐστίν·
1307 2291 1615 2361 εὑρίσκεται
1647 2291 1826 2344 δὲκαὶ
1859 2292 1931 2358 μὴ

366 2477 503 2515 1-11
542 2471 700 2516 Choer.
727 2477 796 2526 40,
819 2477 962 2516 7—14
1017 2476 1030 2529 ΙΙ
1086 2479 1138 2516 13
1154 2488 1254 2529 sqq.
1288 2474 1525 2518 Herodian
1554 2473 1596 2516 11
1622 2478 1691 2528 75,
1712 2477 1883 2517 18-22
1917 2475 1931 2531 ῗΙ

245 2535 299 2574 2Ο
330 2530 488 2575 Choer.
517 2535 587 2585 39,
608 2536 661 2574 18
687 2533 700 2587 ΙΙ
726 2537 780 2574 22
815 2531 955 2575 schol.
990 2533 1038 2575 in
1070 2532 1202 2576 Dion.
1230 2533 1336 2577 Thr.
1364 2538 1462 2586 350,
1483 2538 1507 2575 3

364 2691 387 2727 3
413 2686 554 2728 verba
581 2687 694 2730 ἐν-
706 2687 1100 2744 προσαγορεύεται
1125 2701 1180 2732 ex
1206 2693 1275 2743 92,
1296 2693 1349 2730 22
1375 2688 1466 2731 huc
1490 2687 1660 2744 illapsa
1684 2687 1900 2731 v1dentur
1916 2690 1930 2744 ΙΙ

246 2748 270 2786 5
304 2745 443 2787 verba
475 2744 897 2800 κοινὴ-δύναμις
936 2746 1078 2790 etiam
1117 2746 1164 2790 in
1201 2747 1238 2791 C
1286 2749 1301 2820 ΙΙ
1356 2751 1381 2790 8
1423 2761 1565 2803 φησιν
1598 2746 1742 2800 Caes„
1785 2761 1928 2802 φασιν

245 2803 385 2846 etiam
413 2803 570 2847 Choer
597 2806 612 2860 ΙΙ
639 2809 690 2847 13
724 2804 770 2846 in
798 2806 846 2848 D
879 2805 1014 2848 haec:
1048 2806 1228 2861 μακρὸν
1251 2807 1303 2850 τὸ
1337 2824 1395 2860 pa
1427 2805 1563 2860 κέραε
1594 2805 1706 2860 κέρα
1731 2808 1744 2861 ΙΙ
1770 2811 1824 2848 22
1850 2811 1931 2861 τῆς

245 2860 418 2915 -ἤτοι
458 2876 544 2905 om.
580 2865 609 2906 1
660 2866 673 2918 ΙΙ
728 2869 782 2906 25
823 2864 1033 2919 iungitur
1073 2879 1176 2907 oum
1221 2866 1524 2909 antecedente
1565 2864 1739 2908 scholio
1779 2864 1929 2907 verbis

244 2921 359 2977 φησὶ
392 2921 441 2964 δὲ
476 2921 498 2964 ὁ
534 2922 742 2976 μετρικὸς
775 2920 842 2965 ὄτι
874 2925 908 2966 Ι
