2060 3168
241 186 348 239 352
619 190 1038 232 COMMENTARH
1067 191 1149 231 DE
1179 192 1552 234 HEXAMETRO

360 325 399 363 9.
427 318 802 379 ἐμπερίβολον
826 322 878 365 τὸ
905 321 1010 378 ἔχον
1034 319 1140 364 τινὰ
1163 329 1256 365 τῶν
1281 320 1395 366 δέκα
1419 332 1709 380 κατηγοριῶν
1734 326 1815 369 καὶ
1837 333 1932 370 τῶν

242 385 286 439 ἓξ
318 395 652 442 περιστατικῶν
685 388 746 437 ὡς
775 387 827 431 τὸ
861 390 918 443 (A
945 389 988 443 3)

417 459 589 512 πολλὰς
620 458 664 506 δ’
696 459 925 516 ἰφθίμους
956 460 1112 517 ψυχὰς
1134 457 1254 506 ’Ἄιδι
1285 460 1543 520 προίαψεν·

242 542 335 600 ἔχει
367 541 455 598 γὰρ
489 538 625 594 οὗτος
657 541 679 585 ὁ
714 540 864 599 στίχος
895 542 1059 597 ποσόν,
1091 543 1246 598 ποιόν,
1279 542 1519 604 <οὐσίαν>
1551 543 1712 600 τόπον,
1744 544 1931 604 χρόνον.

197 797 216 829 5
788 779 853 833 D.
901 780 1078 833 ΠΕΡΙ
1115 780 1389 836 ΤΟΜΩΝ.

381 893 425 944 1.
467 892 550 944 Ps.
576 891 907 960 Hephaestio
950 895 982 958 ξ
1021 892 1087 945 15
1129 891 1293 964 (Diss.
1326 893 1548 964 Argent.
1582 894 1631 967 X
1657 893 1803 966 245).

302 1008 444 1064 Περὶ
477 1015 582 1052 τῶν
615 1009 673 1053 ἐν
705 1015 827 1060 τοῖς
859 1007 1078 1067 στίχοις
1108 1017 1290 1066 τομῶν
1321 1011 1414 1054 καὶ
1449 1009 1743 1069 σχημάτων
1774 1012 1870 1055 καὶ

983 1086 1202 1127 παθῶν

365 1171 515 1226 Τομαὶ
545 1178 638 1215 τῶν
670 1167 838 1229 στίχων
871 1171 959 1215 εἰσὶ
990 1171 1278 1228 τέσσαρες,
1319 1173 1692 1230 πενθημιμερής,
1732 1173 1937 1231 ἑφθημι-

179 1255 221 1286 10
246 1236 399 1294 μερής,
430 1235 558 1294 τρίτη
590 1236 829 1295 τροχαϊκή,
859 1238 1054 1295 τετάρτη
1087 1239 1349 1296 βουκολική.

364 1317 402 1356 1.
452 1312 896 1368 Πενθημιμερὴς
936 1309 1021 1356 οὖν
1061 1313 1209 1367 ἐστιν,
1258 1311 1370 1358 ὅταν
1414 1313 1526 1370 μετὰ
1573 1315 1681 1366 τοὺς
1726 1315 1939 1371 πρώτους

245 1378 330 1423 δύο
370 1378 521 1428 πόδας
558 1386 640 1422 τοῦ
675 1376 832 1437 στίχου
866 1378 1064 1437 συλλαβὴ
1098 1377 1326 1439 ἀπαρτίζῃ
1360 1381 1426 1431 εἰς
1457 1380 1594 1436 μέρος
1624 1379 1762 1437 λόγου
1796 1382 1856 1432 ὡς
1889 1382 1938 1426 ἐν

243 1449 306 1504 τῷ
332 1447 389 1501 <A
417 1447 458 1501 1)

423 1525 561 1575 μῆνιν
595 1519 738 1575 ἄειδε,
770 1519 876 1564 θεά.

181 1616 222 1648 15
366 1605 404 1643 2.
432 1598 865 1657 Ἓφθημιμερὴς
896 1600 948 1644 δέ
981 1601 1119 1655 ἐστιν,
1152 1598 1265 1645 ὅταν
1297 1601 1410 1657 μετὰ
1437 1603 1547 1652 τοὺς
1578 1604 1789 1658 πρώτους
1818 1611 1940 1659 τρεῖς

247 1666 397 1718 πόδας
420 1675 502 1710 τοῦ
529 1666 686 1726 στίχου
704 1668 902 1726 συλλαβὴ
919 1665 1146 1726 ἀπαρτίζῃ
1165 1667 1231 1718 εἰς
1254 1668 1390 1724 μέρος
1413 1667 1567 1726 λόγου,
1593 1670 1653 1720 ὡς
1677 1670 1727 1714 ἐν
1743 1673 1806 1730 τῷ
1825 1673 1881 1727 (A
1896 1673 1939 1728 3)

422 1741 594 1793 πολλὰς
627 1739 673 1787 δ’
704 1740 934 1798 ἰφθίμους
965 1741 1134 1799 ψυχάς.

366 1828 404 1866 3.
444 1822 612 1880 Τρίτη
646 1824 696 1867 δὲ
728 1822 1006 1882 τροχαϊκή
1036 1824 1173 1877 ἐστιν,
1209 1821 1320 1868 ὅταν
1346 1822 1369 1867 ὁ
1394 1821 1548 1879 τρίτος
1578 1825 1697 1875 ποὺς
1722 1832 1942 1883 τροχαῖος

248 1887 311 1933 ὢν
344 1888 571 1949 ἀπαρτίζῃ
607 1891 673 1942 εἰς
703 1889 840 1946 μέρος
869 1888 1023 1947 λόγου,
1056 1890 1118 1940 ὡς
1149 1890 1198 1934 ἐν
1229 1892 1293 1949 τῷ
1320 1891 1377 1945 (A
1403 1891 1446 1946 4)

183 1980 224 2010 20
425 1964 603 2020 ἡρώων,
636 1965 807 2016 αὐτοὺς
838 1963 902 2008 δέ.

369 2050 407 2088 4.
455 2045 703 2103 Τετάρτη
745 2046 795 2090 δὲ
836 2044 1143 2104 βουκολική
1183 2045 1326 2099 ἐστιν,
1375 2042 1487 2088 ὅταν
1521 2044 1544 2088 ὁ
1577 2044 1793 2101 τέταρτος
1823 2047 1942 2096 ποὺς

253 2111 476 2162 δάκτυλος
508 2110 572 2156 ὢν
605 2110 833 2170 ἀπαρτίζῃ
868 2113 933 2162 εἰς
963 2110 1100 2168 μέρος
1130 2109 1284 2167 λόγου,
1317 2111 1378 2162 ὡς
1410 2112 1460 2156 ἐν
1491 2115 1553 2170 τῷ
1587 2114 1643 2168 (A
1672 2114 1742 2168 11)

430 2184 600 2230 οὕνεκα
632 2186 713 2230 τὸν
746 2187 935 2243 Χρύσην
967 2183 1191 2242 ἠτίμασεν
1224 2185 1447 2242 ἀρητῆρα.

253 2266 499 2324 βουκολικὴ
548 2267 599 2311 δὲ
645 2266 882 2324 κέκληται,
929 2265 1043 2323 παρ’
1082 2264 1190 2310 ’ὅσον
1231 2266 1275 2310 οἱ
1313 2266 1371 2310 τὰ
1418 2267 1668 2325 βουκολικὰ
1708 2268 1942 2324 ποιήματα

189 2347 230 2378 25
257 2333 522 2391 γράψαντες
553 2334 697 2393 ταύτῃ
730 2333 979 2392 κέχρηνται
1013 2336 1084 2393 [τῇ
1119 2335 1288 2392 φωνῇ]

377 2501 398 2538 7
435 2510 540 2552 app.
574 2496 709 2540 Dion.
742 2511 786 2552 p.
815 2501 914 2551 328,
936 2502 989 2540 15

378 2648 403 2685 4
448 2641 613 2686 οὐσίαν
657 2644 791 2687 inser.
827 2643 1044 2688 Hoersch.
1085 2644 1187 2687 coll.
1219 2646 1355 2687 tract.
1389 2643 1517 2687 Harl.
1559 2644 1645 2698 (ed.
1681 2643 1809 2686 stud.
1851 2643 1880 2687 i.
1914 2643 1943 2687 1.

259 2701 446 2745 Vra'tisl.
477 2704 641 2759 188ἲβ8
675 2719 718 2758 p.
746 2708 816 2757 20,
843 2706 885 2759 5)
933 2706 946 2759 ΙΙ
996 2708 1018 2745 7
1052 2704 1122 2746 ed.
1157 2717 1213 2746 ex
1243 2705 1289 2747 P
1318 2703 1478 2759 (Paris.
1511 2705 1656 2760 2008).
1690 2729 1746 2734 —
1777 2702 1944 2745 titulus

262 2763 440 2816 spectat
473 2761 533 2803 ad
566 2767 619 2814 §g
647 2767 818 2805 15—17
875 2765 888 2819 ΙΙ
944 2768 998 2805 14
1031 2779 1074 2818 μ.
1108 2763 1151 2805 ἀ.
1185 2766 1234 2805 θ.
1267 2761 1650 2814 Jacobsmfihlen,
1692 2761 1863 2812 πολλὰς
1895 2759 1940 2804 δ’

262 2818 490 2874 ἰφθίμους
531 2821 687 2878 ψυχὰς
730 2821 861 2864 codd.
918 2823 931 2876 ΙΙ
988 2825 1039 2862 17
1074 2836 1119 2864 π.
1155 2818 1201 2863 δ’
1231 2821 1260 2864 ἰ.
1294 2830 1345 2875 ψ.
1378 2819 1761 2872 Jacobsmfihlen,
1807 2825 1946 2875 μῆνιν

263 2878 387 2921 ἄειδε
413 2878 505 2922 θεά
531 2881 662 2923 codd.
689 2883 702 2936 ΙΙ
727 2885 781 2923 23
808 2878 1027 2936 ἠτίμασεν
1053 2880 1231 2935 scripsi,
1264 2877 1450 2935 ἠτίμασ’
1474 2881 1555 2922 aut
1580 2877 1763 2936 ἠτίμησ’
1786 2879 1943 2935 οοάἀ.ΙΙ

264 2942 318 2980 25
351 2954 387 2979 τ.
423 2954 470 2991 φ.
506 2938 669 2993 delevi,
701 2945 754 2996 τῇ
786 2945 902 2995 τομῇ
935 2938 1297 2981 Jacobsmflhlen
