2090 3158
248 171 351 222 112
935 174 1167 215 ΣΧΟΛΙΑ
1199 175 1237 214 A

357 307 439 375 12,
468 307 535 359 12
576 305 847 377 ἐπίτριτος
891 306 1101 376 λέγεται
1142 308 1170 361 ὁ
1211 306 1352 377 ἔχων
1390 309 1514 361 τινὰ
1554 308 1798 378 ἀριθμὸν
1836 307 1926 361 καὶ

242 389 443 442 τούτου
483 390 544 442 τὸ
584 391 795 458 τρίτον,
836 381 958 441 οἷον
998 388 1026 441 ὁ
1067 387 1303 459 τέσσαρα
1341 392 1479 459 πρὸς
1517 391 1615 443 τὸν
1653 393 1798 458 τρία·
1838 387 1925 442 ἕν-

244 475 350 523 θεν
388 471 553 533 πόδες
592 469 873 540 §almaton
916 501 985 507 —
1009 470 1163 524 AG]

353 567 390 635 †
414 570 650 636 ἐπίτριτος
690 568 742 620 δὲ
780 569 964 637 λέγεται
997 567 1061 629 ὡς
1093 570 1313 636 ἀριθμοῦ
1344 590 1454 620 τινα
1485 570 1606 636 ἔχων
1638 570 1925 637 ἀναλογίαν·

198 661 216 692 5
242 645 621 709 τετρασύλλαβος
659 644 751 710 γὰρ
793 642 862 693 ὢν
902 644 998 694 ἀπὸ
1038 645 1264 710 βραχείας
1303 643 1386 694 καὶ
1428 653 1574 710 τριῶν
1615 653 1815 710 μακρῶν
1855 645 1927 693 δι-

241 723 445 783 αιρεῖται
483 719 550 778 εἰς
590 717 795 784 τέσσαρα
832 718 915 768 καὶ
953 720 1075 784 τρία.
1138 719 1301 784 ἔχουσι
1337 727 1461 785 γοῦν
1500 718 1706 785 χρόνους
1746 720 1801 768 αἵ
1836 719 1926 768 δύο

241 791 421 858 μακραὶ
459 792 706 858 τέσσαρας,
746 790 777 857 ἡ
819 793 980 859 μακρὰ
1000 791 1071 843 »δὲ
1110 793 1192 843 καὶ
1231 790 1262 857 ἡ
1303 794 1502 859 βραχεῖα
1540 793 1747 860 χρόνους
1785 798 1927 858 τρεῖς,

240 865 323 916 καὶ
361 866 593 917 ἐντεῦθεν
633 868 894 933 συνάγεται
933 866 957 917 ὅ
998 867 1256 934 ἐπίτριτος-ε
1302 895 1363 902 —
1393 870 1445 916 D

356 960 438 1029 12,
467 960 535 1012 14
579 959 979 1029 <ἑπτάσημος>ε
1027 944 1311 1014 τουτέστιν
1359 959 1710 1030 ἑπτάχρονοςε
1752 991 1819 998 -—
1859 959 1928 1012 Αἱ

175 1068 217 1099 10
356 1050 438 1118 12,
465 1049 534 1102 23
573 1050 1002 1119 <ταυτοποδία>ε
1043 1050 1378 1117 σπονδειακὴ
1411 1049 1513 1118 γὰρ
1549 1049 1650 1101 οὐκ
1680 1045 1796 1101 ἔστι
1830 1063 1925 1100 συ-

242 1133 418 1198 ζυγίας
458 1163 530 1168 -
555 1131 690 1185 AC⁹

356 1219 535 1287 12,20
581 1222 641 1272 τὸ
689 1221 792 1288 γὰρ
842 1219 1269 1272 ἀντισπαστικὸν
1309 1219 1515 1283 ἐνιάκις
1562 1221 1777 1289 μακρὰν
1816 1222 1923 1288 ἔχει

240 1302 340 1368 τὴν
380 1302 680 1370 ἄρχουσανε
722 1333 791 1338 ——
816 1299 1064 1354 AG⁹DI

967 1508 1089 1578 Cap.
1114 1507 1206 1562 IV.

175 1652 214 1683 15
353 1627 533 1680 ἰστέον
573 1627 660 1696 ὡς,
702 1627 797 1681 ἐὰν
835 1629 900 1680 τὰ
941 1629 1238 1681 δακτυλικὰ
1276 1627 1366 1680 καὶ
1400 1627 1764 1680 ἀναπαιστικὰ
1802 1629 1922 1695 βαί-
1959 1636 2040 1675 141

239 1730 394 1778 νηται
434 1710 568 1761 κατὰ
610 1711 892 1777 συζυγίαν,
932 1707 1154 1778 ἔχουσιν
1194 1708 1486 1772 ἀποθέσεις
1525 1708 1593 1772 ἐξ.
1959 1715 2055 1772 [26]

351 1790 725 1859 ἀκατάληπτον
773 1792 977 1859 ἷῆγουν
1022 1792 1093 1860 μὴ
1143 1788 1273 1860 ἔχον
1311 1791 1371 1843 τὸ
1420 1792 1589 1860 τυχὸν
1636 1791 1921 1859 ἔλλειμμα]

240 1874 311 1934 ὡς
350 1874 410 1925 τὸ

593 1948 811 2015 μῶσάγε
851 1949 1138 1999 Καλλιόπα
1176 1947 1421 2016 θύγατερ
1462 1948 1612 2009 Διός.

174 2088 216 2119 20
351 2066 745 2133 καταληκτικὸν
779 2066 856 2128 εἰς
889 2066 1227 2134 δισύλλαβον
1258 2065 1462 2133 [ἤγουν
1487 2064 1681 2119 ἐνδέον
1712 2071 1811 2117 τοῦ
1843 2084 1926 2117 τε-

241 2148 391 2198 λείου
439 2153 535 2216 μιᾷ
584 2149 828 2216 συλλαβῇ
872 2147 942 2209 ὡς
983 2145 1070 2199 ἐπὶ
1111 2154 1209 2199 τοῦ
1250 2147 1422 2199 αὐτοῦ
1462 2148 1923 2216 παραδείγματος]

241 2247 311 2289 ως
351 2247 411 2279 το

594 2302 811 2370 μῶσοὲγε
853 2304 1140 2355 Καλλιόπα
1179 2302 1424 2370 θύγατερ
1466 2307 1555 2354 Δι.

350 2413 743 2480 καταληπτικὸν
775 2415 852 2474 εἰς
883 2415 1165 2480 συλλαβὴν
1197 2413 1399 2479 [ἤγουν
1432 2410 1626 2464 ἐνδέον
1658 2413 1760 2464 δύο
1795 2415 1924 2464 συλ-

174 2515 214 2547 25
242 2495 458 2561 λαβαῖς]
500 2493 571 2555 ὡς
611 2494 670 2546 τὸ
1091 2553 1094 2555 ,

593 2589 809 2655 μῶσαγε
852 2591 1138 2642 Καλλιόπα
1178 2589 1436 2659 θύγατερ.

362 2755 381 2790 1
418 2746 568 2792 ἰστέον
609 2749 658 2792 δὲ
702 2746 770 2791 ὅτι
810 2746 1037 2802 ἐπίτριτος
1070 2749 1272 2804 ἀριθμὸς
1310 2748 1486 2804 λέγεται
1519 2747 1543 2792 ὁ
1576 2745 1783 2803 ἀριθμόν
1815 2765 1920 2791 τινα

241 2807 357 2864 ἔχων
391 2808 439 2851 ἐν
473 2807 620 2866 ἐαυτῷ
652 2808 731 2851 καὶ
763 2807 814 2850 τὸ
846 2806 999 2862 τρίτον
1030 2808 1197 2852 τούτου
1230 2805 1331 2852 οἷον
1354 2809 1389 2851 Ι
1435 2810 1449 2863 ΙΙ
1503 2812 1527 2850 2
1564 2805 1677 2851 ὅθεν
1709 2807 1788 2850 καὶ
1822 2805 1920 2851 ἐπί-

239 2883 383 2919 τριτοι
415 2865 555 2916 πόδες
586 2869 618 2909 Ι
666 2869 679 2922 Η
729 2870 782 2908 10
815 2866 863 2908 in
896 2867 1026 2910 codd.
1059 2867 1257 2910 refertur
1288 2867 1348 2910 ad
1383 2871 1450 2920 12,
1472 2871 1523 2909 17
1559 2866 1748 2924 ἰαμβικὴ
1783 2865 1920 2910 ἑπτά-

241 2939 382 2980 σημος
413 2928 425 2981 ΙΙ
460 2931 512 2968 15
547 2939 665 2981 quae
698 2926 769 2967 his
801 2926 931 2968 uncis
966 2926 1027 2983 εἶ]
1064 2926 1222 2969 clausa
1255 2927 1374 2978 sunt,
1409 2925 1514 2968 add.
1542 2927 1574 2968 Ι
1604 2927 1609 2982 Ι
1645 2925 1742 2983 καὶ]
1776 2923 1802 2980 ἢ
1832 2927 1865 2969 Ι
