2090 3158
377 179 497 219 XIV.
543 178 688 218 ΠΕΡΙ
717 178 840 218 ΤΗΣ
871 173 1008 217 ΚΑΤ’
1037 176 1456 219 ΑΝΤΙΠΑΘΕῙΑΝ
1487 175 1735 223 ΜΙΞΕῼΣ.
1837 175 1910 228 45

85 316 181 376 [85]
366 302 572 375 ὦ”ναξ
598 308 881 379 Ἄπολλον,
920 319 1021 364 παῖ
1058 311 1274 380 μεγάλω
1315 313 1456 373 Δίος
1496 309 1635 382 (Alc.
1664 310 1720 382 1)
1762 343 1824 348 —

362 391 692 462 Μέλαγχρος
731 394 900 455 αι’δῶς
941 390 1091 455 ἄξιος
1130 393 1207 455 εἰς
1245 394 1411 445 πόλιν
1451 390 1590 463 (Alo.
1618 390 1729 463 21).

213 474 351 527 ὥστε
402 470 544 527 εἶναι
595 475 839 543 σχήματα
889 471 991 543 μὲν
1042 474 1214 526 αὐτοῦ
1264 472 1527 542 τέσσαρα,
1589 476 1798 527 κανόνα
1849 475 1911 527 δὲ

211 557 453 608 τοιόνδε·
1433 586 1452 594 -

835 631 978 697 αβαβ
1017 632 1163 698 ββαα
1201 627 1336 696 βααβ
1957 650 1977 682 5

836 713 981 780 ββαβ
1020 712 1166 780 ββαα
1203 708 1340 779 βαωθ

837 794 980 861 αβαβ
1020 794 1163 860 αβαα
1200 790 1336 859 βαοό)1

835 876 980 941 ββαβ
1020 876 1162 940 αβαα
1200 871 1336 941 βααβ

323 963 408 1030 (4)
443 965 745 1033 Τρίμετρον
770 960 830 1015 δὲ
856 963 1230 1031 ἀκατάληκτον
1261 963 1322 1015 τὸ
1354 963 1557 1015 τούτου
1585 970 1910 1031 περιττεῦον

214 1047 459 1115 συλλαβῇ
513 1053 577 1115 τῇ
617 1048 926 1115 τελευταίᾳ,
980 1045 1328 1113 καλούμενον
1375 1040 1436 1096 δὲ
1487 1043 1768 1096 Ἀλκαῖκὸν
1806 1045 1911 1096 δω-
1936 1066 1977 1097 10

213 1126 643 1195 δεκασύλλαβον,
685 1119 807 1179 οἷον
847 1124 987 1196 (Alc.
1026 1123 1121 1196 55)

363 1206 600 1276 ἰόπλοκ’,
640 1207 797 1276 ἁγνά,
837 1208 1216 1276 μελλιχόμειδε
1250 1211 1496 1277 Σαπφοῖ,

214 1284 281 1342 οὗ
321 1290 508 1342 κανὼν
547 1285 730 1352 οὗτος.

123 1371 181 1411 46
837 1366 981 1432 αβαβ
1021 1364 1165 1431 ββαα
1203 1361 1376 1430 βαβαί*

836 1447 983 1514 ββαβ
1021 1447 1164 1512 assaa
1201 1446 1375 1512 130⁶ssss0‘
1937 1467 1976 1499 15

80 1539 179 1599 [86]
325 1534 408 1603 (5)
455 1534 834 1603 Τετράμετρον
866 1534 927 1587 δὲ
958 1535 1356 1602 καταληκτικὸν
1389 1533 1699 1602 ε’πιωνικόν,
1741 1533 1769 1586 ὃ
1810 1535 1912 1602 τὴν

212 1613 314 1685 μὲν
370 1618 595 1686 πρώτην
650 1619 758 1685 ἔχει
817 1616 1102 1685 ἰαμβικήν,
1161 1617 1283 1684 ἤτοι
1340 1613 1610 1684 ἑξάσημον
1664 1615 1697 1684 ἢ
1754 1614 1911 1668 ἑπτά-

214 1710 415 1766 σημον,
470 1698 572 1766 τὴν
627 1694 687 1749 δὲ
743 1695 1008 1766 δευτέραν
1065 1698 1294 1765 ἰωνικὴν
1342 1697 1374 1765 ἢ
1424 1697 1690 1766 δευτέραν
1742 1716 1910 1750 παιω-

211 1780 392 1847 νικήν,
432 1780 533 1846 τὴν
566 1779 627 1831 δὲ
657 1780 849 1848 τρίτην
880 1779 1178 1847 τροχαϊκὴν
1212 1776 1482 1847 ἑξάσημον
1515 1779 1546 1846 ἢ
1580 1777 1910 1847 ἑπτάσημον,

213 1856 330 1912 εἶτα
375 1861 477 1928 τὴν
522 1858 583 1913 ἐκ
627 1862 888 1929 τροχαίου
937 1858 1027 1912 καὶ
1077 1868 1173 1928 τῆς
1213 1859 1527 1929 ἀδιαφόρου
1567 1861 1909 1928 κατάκλειδα,
1935 1882 1978 1914 20

214 1962 336 1995 οιον

362 2031 590 2085 τοοῦτος
630 2024 707 2085 εἰς
750 2024 929 2090 Θήβας
968 2023 1096 2085 πάϊς
1136 2022 1436 2092 ἁρμάτεσσ’
1476 2023 1740 2092 ὀχήμενος

1284 2104 1368 2175 (fr.
1387 2106 1484 2173 lyr.
1503 2106 1585 2158 ad.
1603 2103 1699 2175 51)
1719 2137 1788 2142 —

363 2190 550 2248 Μᾶλις
572 2183 673 2253 μὲν
698 2189 827 2254 ἔννη
854 2187 1054 2239 λεπτὸν
1078 2184 1256 2255 ἕχοισ’
1281 2185 1371 2239 ἐπ’
1396 2186 1643 2257 ἀτράκτῳ
1670 2187 1828 2238 λίνον

1285 2267 1370 2338 (fr.
1388 2269 1488 2336 lyr.
1507 2268 1586 2319 ad.
1604 2266 1715 2336 52).
1935 2289 1975 2320 25

340 2434 361 2471 1
396 2430 470 2472 At.
497 2428 619 2471 Fort.
639 2427 702 2470 VI
727 2431 828 2481 297,
849 2431 916 2470 10.
973 2427 1173 2484 Epimffln
1199 2428 1333 2471 Hom.
1360 2427 1449 2471 AO
1475 2428 1494 2470 1
1521 2432 1620 2482 208,
1642 2432 1692 2469 17

336 2581 360 2619 2
403 2576 550 2619 αἰδῶσ
589 2576 635 2632 (ἰ.
670 2589 707 2619 e
749 2575 962 2632 αἰδοῦσῖ)
1003 2577 1069 2630 A,
1117 2576 1262 2626 αἰδὼς
1293 2578 1324 2619 Ι
1377 2579 1382 2631 Ι
1442 2576 1506 2625 εἰς
1545 2577 1607 2628 Ρ,
1658 2575 1706 2619 ἐσ
1738 2575 1872 2619 ACI
1897 2576 1910 2630 ΙΙ

216 2640 242 2678 5
277 2635 420 2691 (elib.)
454 2637 547 2693 βαα
579 2637 614 2678 Ι
652 2637 667 2691 ΙΙ
715 2640 739 2678 6
773 2636 916 2693 ssococff']
952 2636 1044 2708 βαβ
1075 2637 1115 2688 1,
1149 2636 1229 2693 βαι
1241 2637 1301 2693 βα
1333 2636 1378 2679 A
1418 2637 1431 2690 ΙΙ
1477 2639 1500 2677 7
1534 2634 1679 2690 (exit.)
1712 2635 1810 2706 βαα
1839 2635 1872 2676 Ι
1897 2636 1910 2690 ΙΙ

219 2699 270 2737 11
306 2692 408 2739 οἷον
441 2709 527 2738 om
561 2696 591 2737 Ι
643 2697 656 2750 ΙΙ
706 2699 759 2736 12
801 2692 1109 2751 μελλιχόμειδε
1142 2708 1170 2738 a
1200 2709 1267 2750 pr
1302 2709 1361 2736 m.
1396 2708 1508 2737 corr.
1544 2707 1599 2737 ex
1631 2691 1908 2750 μελλιχόμει-

217 2755 295 2803 δες
325 2754 383 2807 A,
418 2752 754 2811 μελλιχόμειδες
780 2754 869 2797 GP
902 2756 916 2809 ΙΙ
960 2758 1013 2795 14
1045 2754 1160 2811 αβ]α
1192 2755 1278 2797 ΑΙ
1312 2755 1326 2809 ΙΙ
1363 2758 1416 2796 15
1451 2753 1617 2811 βαββα]
1653 2753 1808 2810 βαβαβ
1839 2754 1870 2794 Ι
1896 2754 1909 2807 ΙΙ

219 2816 274 2855 20
305 2813 407 2870 τῆς]
441 2827 528 2856 0111.
559 2814 605 2857 A
629 2814 644 2869 ΙΙ
668 2818 723 2855 22
756 2819 949 2863 τοοῦτος
979 2812 1184 2867 Wilam,
1216 2819 1402 2862 τεοῦτος
1433 2813 1491 2866 A,
1530 2818 1740 2862 τοιοῦτος
1770 2811 1868 2854 rell
1901 2815 1905 2865 Ι

219 2869 468 2926 ἁρμάτεσσι
501 2872 633 2915 codd.
663 2873 669 2927 Ι
699 2871 722 2915 ὀ
725 2870 922 2942 χημένος
955 2871 1047 2925 M2,
1080 2871 1277 2928 χήμενος
1307 2872 1478 2915 AIM¹
1489 2872 1542 2915 H
1571 2873 1584 2926 ΙΙ
1611 2876 1666 2914 24
1698 2873 1830 2925 μᾶλις
1861 2870 1908 2923 C,

218 2929 351 2985 μάλις
383 2933 440 2985 A,
474 2930 602 2986 μόλις
633 2932 666 2973 Ι
694 2932 699 2987 Ι
729 2932 794 2974 ἀπ
852 2933 886 2974 Ι
914 2932 920 2983 1
949 2930 1180 2985 ἀτράκτωι
1211 2932 1255 2974 A
1284 2935 1288 2984 Ι
1317 2933 1446 2975 λῐνον
1480 2932 1569 2974 ΑΙ
