2090 3158
223 113 295 166 24
422 115 845 157 ΗΦΑῙΣΤΙΩΝΟΣ
874 116 1262 158 ΕΓΧΕῙΡΙΔῙΟΝ
1294 117 1438 157 ΠΕΡΙ
1468 115 1727 158 ΜΕΤΡΩΝ.

333 249 584 319 (8)”Εστι
610 249 674 302 δέ
694 270 819 303 τινα
846 250 935 302 καὶ
961 250 1351 318 λογαοιδικὰ
1375 251 1686 317 καλούμενα
1711 251 1908 302 δακτυ-

222 332 362 399 λικά,
403 333 538 401 ἅπερ
573 330 633 383 ἐν
671 332 772 398 μὲν
811 339 929 393 ταῖς
968 333 1157 393 ἄλλαις
1195 331 1396 399 χώραις
1435 331 1742 393 δακτύλους
1779 329 1906 400 ἔχει,

220 415 540 466 τελευταίαν
602 409 661 465 δὲ
716 413 1012 481 τροχαῑκὴν
1065 415 1346 480 συζυγίαν.
1424 413 1538 464 ἔστι
1601 409 1660 464 δὲ
1723 412 1907 464 αὐτῶν

221 493 586 563 ἐπισημότατα
625 496 686 547 τό
726 514 783 546 τε
821 495 959 564 πρὸς
997 495 1101 546 δύο
1135 495 1426 556 δακτύλοις
1455 492 1583 563 ἔχον
1613 495 1908 563 τροχαϊκὴν
1941 506 2039 564 [47]

176 597 195 628 5
220 579 509 644 συζυγίαν,
587 576 931 642 καλούμενον
1006 572 1067 627 δὲ
1129 574 1418 628 Ἀλκαϊκὸν
1494 575 1907 644 δεκασύλλαβον

221 656 359 727 (Alo.
393 655 486 728 69)

442 740 536 790 καί
571 758 652 800 τις
691 736 770 790 ἐπ’
819 736 1156 807 ἐσχατιαῖσιν
1188 743 1374 805 οἴκεις,

219 821 307 872 καὶ
347 821 406 872 τὸ
447 820 584 888 πρὸς
621 822 790 889 τρισί,
838 820 1181 886 καλούμενον
1223 818 1589 888 Πραξίλλειον
1628 817 1806 889 (Prax.
1846 817 1904 888 5)

441 897 482 952 ὦ
523 902 614 953 διὰ
651 910 763 953 τῶν
801 901 1058 969 θυρίδων
1097 901 1265 953 καλὸν
1305 899 1636 968 ἐμβλέποισα

152 1004 193 1035 10
439 981 685 1051 παρθένε
724 983 825 1034 τὰν
864 982 1127 1050 κεφάλαν,
1167 984 1233 1034 τὰ
1273 981 1321 1034 δ’
1367 980 1563 1051 ἔνερθε
1603 982 1807 1050 νύμφα.

988 1203 1133 1258 VIII.

714 1323 874 1391 Περὶ
916 1323 1409 1375 ἀναπαιστικοῦ.

326 1441 407 1508 (1)
455 1442 525 1493 To
560 1441 620 1493 δὲ
653 1440 1047 1493 ἀναπαιστικὸν
1086 1442 1223 1494 κατὰ
1259 1449 1443 1494 πᾶσαν
1474 1442 1659 1510 χώραν
1691 1439 1902 1510 δέχεται

216 1524 527 1591 σπονδεῖον,
568 1522 923 1591 ἀνάπαιστον,
969 1526 1212 1585 σπανίως
1244 1519 1304 1574 δὲ
1349 1523 1438 1574 καὶ
1480 1525 1902 1591 προκελευματι-
1936 1538 1992 1577 26

149 1622 189 1654 15
214 1607 330 1672 κόν,
369 1606 517 1673 παρὰ
557 1604 618 1656 δὲ
656 1614 770 1666 τοῖς
809 1605 1236 1674 δραματοποιοῖς
1275 1604 1364 1656 καὶ
1406 1603 1695 1656 δάκτυλον.
1773 1604 1903 1656 Εἰσὶ
1936 1614 2035 1673 [48]

217 1687 277 1739 δὲ
329 1687 500 1738 αὐτοῦ
553 1685 847 1747 ἀποθέσεις
897 1684 951 1748 ἓξ
1000 1687 1134 1737 κατὰ
1181 1687 1446 1753 συζυγίαν
1486 1684 1903 1753 διαιρουμένου·

213 1767 687 1836 ὑπερκατάληκτος
741 1769 819 1829 εἰς
874 1767 1237 1834 δισύλλαβον,
1299 1766 1773 1835 ὑπερκατάληκτος
1827 1769 1905 1829 εἰς

216 1850 521 1916 συλλαβήν,
571 1847 960 1916 άκατάληκτος,
1007 1849 1370 1916 καταληκτικὴ
1418 1849 1494 1910 εἰς
1546 1848 1902 1916 δισύλλαβον,

215 1931 574 1998 καταληκτικὴ
615 1931 692 1991 εἰς
733 1932 1031 1998 συλλαβήν,
1070 1930 1598 1998 βραχυκατάληκτος.

148 2030 190 2061 20
327 2012 413 2079 (2)
446 2010 877 2079 Ἐπισημότατον
919 2008 977 2063 δὲ
1019 2010 1079 2064 ἐν
1120 2011 1267 2082 αὐτῷ
1302 2010 1415 2063 ἐστι
1447 2011 1507 2062 τὸ
1540 2010 1904 2079 τετράμετρον

334 2176 359 2213 5
391 2170 504 2214 Mar.
531 2171 651 2214 Vict.
677 2171 741 2214 VI
767 2176 865 2225 111,
892 2176 945 2214 31
1002 2173 1015 2228 ΙΙ
1073 2176 1125 2214 13
1167 2172 1227 2214 ad
1260 2186 1296 2215 c.
1315 2171 1421 2214 VIII
1454 2170 1509 2214 cf.
1545 2170 1715 2213 schol.¹³
1737 2184 1773 2214 c.
1803 2175 1857 2214 10
1888 2171 1903 2228 Η

217 2234 387 2273 13-19
414 2230 562 2273 Tract.
590 2230 718 2273 Harl.
746 2229 815 2286 (D.
843 2230 998 2287 Tricl.)
1031 2246 1075 2287 p.
1104 2235 1174 2284 20,
1200 2235 1343 2274 6—-10
1369 2233 1382 2286 ΙΙ
1409 2235 1460 2273 15
1496 2229 1637 2273 schol.
1666 2229 1902 2285 Aristoph.

216 2289 288 2344 (R)
321 2288 440 2333 Plut.
469 2294 551 2332 487
578 2293 593 2345 ιι
620 2295 672 2332 16
707 2290 781 2332 Ar.
818 2289 973 2342 Quint.
1010 2295 1079 2343 34,
1114 2295 1138 2332 2

333 2455 358 2492 4
391 2451 647 2503 δακτύλους
672 2453 720 2495 D
743 2454 757 2508 ΙΙ
784 2456 806 2494 ’7
842 2452 989 2503 οἴκοις
1021 2454 1126 2506 DI,
1160 2452 1303 2502 οἰκεῖς
1335 2452 1490 2507 ῙΡῙΗΙΙ
1517 2455 1570 2494 10
1603 2450 1816 2506 κεφάλαν
1840 2454 1898 2506 A,

213 2509 423 2564 κεφαλὰν
449 2511 544 2553 DI
562 2513 576 2566 ΙΙ
603 2516 655 2553 12
680 2511 786 2565 περὶ
809 2518 892 2554 τοῦ
921 2512 1262 2555 ἀναπαιστικοῦ
1287 2509 1453 2567 μέτρου
1479 2512 1511 2553 Ι
1530 2512 1544 2567 ΙΙ
1570 2515 1624 2552 14
1650 2514 1900 2555 σπονδεῖον

213 2569 291 2611 καὶ
317 2568 611 2612 ἀνάπαιστον
637 2569 790 2613 Tract.
815 2570 945 2612 Harl.
976 2574 980 2626 Ι
1010 2569 1191 2627 δέχεται
1224 2569 1517 2614 ἀνάπαιστον
1547 2569 1625 2612 καὶ
1651 2571 1899 2613 σπονδεῖον

215 2627 372 2671 Choer.
415 2630 419 2682 1
459 2629 537 2670 καὶ
571 2629 659 2671 DI
688 2628 844 2672 Choer.
880 2631 1079 2685 excerpt.
1115 2629 1282 2684 Paris.,
1326 2643 1413 2672 om.
1449 2630 1493 2671 A
1531 2631 1545 2684 Η
1587 2632 1758 2670 14—15
1792 2630 1901 2684 post

212 2686 630 2742 προκελευματικόν
663 2688 768 2731 add.
803 2688 987 2731 Ritschl
1018 2690 1107 2744 (op.
1135 2689 1155 2730 Ι
1187 2691 1289 2743 275)
1322 2688 1402 2731 καὶ
1434 2686 1602 2744 ἴαμβον
1649 2688 1662 2742 ΙΙ
1711 2691 1764 2730 15
1797 2688 1897 2744 καὶ]

212 2745 291 2788 καὶ
325 2744 493 2802 ἴαμβον
518 2747 596 2789 καὶ
623 2747 679 2790 Η
698 2747 867 2790 schol.¹³
892 2753 959 2800 15,
990 2751 1025 2789 7.
1061 2747 1212 2790 Tract.
1253 2747 1381 2789 Harl.
1411 2746 1517 2801 (Ioa.
1552 2745 1702 2788 Tzetz.
1728 2745 1816 2789 AO
1835 2745 1899 2788 III

213 2808 312 2857 311,
340 2807 412 2860 20)
459 2806 472 2859 ΙΙ
522 2809 572 2846 17
600 2804 1005 2861 ὑπερκατάληκτον
1050 2808 1096 2848 et
1133 2806 1198 2849 sic
1235 2806 1452 2861 deinceps
1484 2805 1699 2848 neutrum
1731 2806 1789 2848 H
1822 2818 1897 2847 ex-

213 2864 352 2918 cerpt.
386 2862 528 2906 Paris.
565 2864 734 2907 schol.1³
757 2870 825 2918 15,
855 2869 891 2907 7.
949 2865 1102 2908 Tract.
1135 2865 1261 2908 Harl.
