2060 3168
230 184 339 236 370
983 186 1162 226 TPIXA

228 316 316 362 κοί.
386 317 466 362 καὶ
506 315 660 372 εὕροις
699 314 757 359 ἂν
801 315 1064 373 χρωμένους
1102 316 1283 366 τούτοις
1320 315 1428 366 τούς
1466 333 1512 359 τε
1559 316 1791 372 κωμικοὺς
1837 317 1917 360 καὶ

228 385 336 434 τοὺς
366 383 624 440 τραγικούς.

351 454 461 501 Τοῖς
497 448 653 506 μέντοι
687 447 1099 505 πενταμέτροις
1133 449 1214 492 καὶ
1248 447 1292 492 οἱ
1323 449 1516 492 παλαιοὶ
1548 450 1681 493 αὐτοὶ
1713 451 1917 498 σπανιώ-

227 534 359 570 τερον
392 515 657 574 κέχρηνται·
698 515 842 574 ταύτῃ
875 531 947 558 τοι
979 515 1058 558 καὶ
1090 513 1303 570 περιττόν
1335 531 1412 571 μοι
1444 517 1578 559 δοκεῖ
1604 516 1711 570 περὶ
1742 517 1918 560 τούτων

184 596 203 629 5
227 601 270 626 τι
309 581 480 640 λέγειν,
521 582 664 631 ἄλλως
702 598 749 625 τε
783 582 870 624 κάκ
911 588 1000 624 τῶν
1041 580 1129 637 ἤδη
1177 578 1421 637 ῥηθέντων
1461 582 1542 625 καὶ
1582 583 1733 626 αὐτῶν
1773 585 1917 638 δηλω-

226 648 423 694 θέντων.

337 713 469 759 ’Έστι
501 714 554 760 δέ
584 732 626 758 τι
658 715 738 758 καὶ
763 714 813 758 τὸ
839 714 1016 771 χωλὸν
1049 714 1336 771 καλούμενον
1371 715 1603 773 ἰαμβικὸν,
1629 713 1652 759 ὃ
1679 713 1918 772 τρίμετρον

227 782 310 861 μέν
343 782 435 826 ἐστι
467 782 548 826 καὶ
580 780 710 835 αὐτό,
751 779 983 836 διαφέρει
998 780 1048 825 δὲ
1079 788 1162 824 τοῦ
1194 778 1307 835 παρ’
1337 781 1447 838 ἡμῖν
1481 781 1760 837 ὀρθοτάτου,
1798 779 1915 838 παρ’

229 847 336 893 ὅσον
370 848 420 891 τὸ
455 847 537 904 μὲν
572 847 721 903 ὀρθὸν
759 847 842 904 τὴν
873 845 1140 892 τελευταίαν
1173 847 1309 905 βάσιν
1342 846 1539 907 ἰάμβῳ
1523 847 1551 904 ὴ
1582 846 1826 907 πυρριχίῳ,
1858 849 1921 901 ὡς

161 929 203 959 10
229 914 440 971 εἴπομεν,
481 912 744 969 ἀπαρτίζει,
783 914 834 958 τὸ
875 913 926 959 δὲ
969 914 1116 971 χωλὸν
1149 913 1378 973 σπονδείῳ
1411 912 1439 970 ἢ
1470 912 1691 978 τροχαίῳ.
1743 913 1766 959 ὅ
1797 932 1920 966 τινες

228 981 311 1038 μὲν
340 979 554 1025 Ἀνανίου
588 981 734 1037 φασὶν
768 980 968 1037 εὕρημα,
999 981 1121 1030 τινὲς
1151 979 1203 1025 δὲ
1221 978 1548 1033 Ιππώνακτος.
1598 988 1651 1039 τῇ
1685 981 1770 1038 γὰρ
1798 981 1918 1025 ἄνω-

230 1051 321 1092 θεν
353 1045 550 1106 ρηθείσῃ
585 1047 802 1104 ἐντυχων,
836 1045 967 1102 φασί,
1007 1046 1130 1104 γραΐ,
1162 1045 1261 1103 ἥτις
1289 1044 1448 1105 Ἰάμβη
1483 1047 1703 1102 ἐκαλεῖτο,
1738 1047 1837 1103 ἔρια
1870 1048 1920 1093 ἐν

226 1121 280 1172 τῇ
306 1113 521 1172 θαλάσσῃ
546 1114 799 1171 πλυνούσῃ,
829 1120 883 1171 τῇ
911 1113 1069 1172 σκάφῃ
1092 1130 1140 1158 τε
1164 1113 1422 1170 πλησιάσας
1446 1113 1615 1168 ἤκουσε
1639 1113 1752 1168 παρ’
1776 1115 1920 1170 αὐτῆς

495 1177 713 1235 ἄνθρωπ’
743 1180 933 1234 ἄπελθε,
965 1180 1050 1231 τὴν
1083 1179 1270 1237 σκάφην
1302 1180 1602 1237 ἀνατρέψεις·

162 1260 203 1292 15
227 1247 308 1291 τὸν
348 1246 399 1291 δὲ
439 1247 706 1291 ἀκούσαντα
745 1254 879 1290 τοῦτο
921 1247 971 1291 ἐκ
1009 1247 1175 1291 τούτου
1215 1246 1297 1291 τὸν
1336 1247 1483 1304 χωλὸν
1523 1247 1918 1303 ἐπιτηδεύσασθαι

228 1314 409 1371 ἴαμβον.
474 1313 783 1371 Παράδειγμα
823 1321 905 1358 τοῦ
946 1314 1029 1370 μὲν
1067 1310 1268 1371 τροχαίῳ
1300 1311 1635 1368 ἀπαρτίζοντος
1664 1313 1749 1370 τὴν
1782 1313 1917 1371 ἕκτην

227 1382 383 1437 χώραν
414 1383 561 1437 χωλοῦ
596 1380 619 1424 6
652 1379 867 1435 ἀνωτέρω
899 1380 1057 1430 τεθεὶς
1087 1380 1230 1438 χωλὸς
1262 1379 1449 1438 ἴαμβος,
1488 1387 1569 1424 τοῦ
1603 1378 1653 1423 δὲ
1688 1379 1918 1440 σπονδείῳ
1952 1385 2060 1442 (261j

226 1447 275 1491 τὸ
317 1447 394 1492 ἐπὶ
433 1451 495 1506 τῷ
521 1445 804 1490 Ἱππώνακτι
842 1445 1157 1504 γεγραμμένον
1193 1446 1324 1502 παρὰ
1353 1453 1436 1490 τοῦ
1474 1445 1725 1502 Θεοκρίτου
1759 1448 1914 1503 (Anth.

228 1513 322 1558 Pal.
353 1517 421 1567 13,
441 1515 484 1569 3)
518 1511 800 1569 ἐπίγραμμα·
837 1513 886 1557 ἐκ
917 1516 1074 1572 χωλῶν
1107 1512 1193 1570 γάρ
1227 1513 1349 1557 ἐστιν
1382 1512 1581 1571 ἰάμβων·

163 1593 204 1624 2ο
497 1579 520 1623 6
554 1580 834 1636 μουσοποιὸς
867 1576 1037 1624 ἐνθάδ’
1067 1577 1300 1632 Ἱππῶναξ
1333 1586 1493 1624 κεῖται.

495 1647 535 1692 εἰ
566 1646 648 1704 μὲν
681 1645 900 1703 πονηρός,
932 1647 992 1703 μὴ
1025 1645 1282 1705 προσέρχου
1314 1650 1377 1706 τῷ
1407 1647 1580 1706 τύμβῳ·

494 1714 534 1758 εἰ
567 1711 612 1757 δ’
643 1714 737 1758 ἐσσὶ
769 1711 968 1770 κρήγυός
999 1729 1046 1756 τε
1077 1714 1156 1756 καὶ
1188 1712 1318 1768 παρὰ
1350 1720 1572 1771 χρηστῶν,

226 1782 305 1825 καὶ
337 1780 393 1824 τὰ
427 1781 541 1836 ἑξῆς.
610 1784 825 1824 Τοσαῦτα
857 1780 964 1834 περὶ
995 1787 1077 1823 τοῦ
1111 1779 1342 1837 ἰαμβικοῦ.

975 1941 1163 1999 Cap.11.

161 2043 203 2074 25
775 2031 837 2090 β’.
878 2033 1020 2087 Περὶ
1051 2039 1371 2089 τροχαϊκοῦ.

349 2122 553 2179 Εῢλογος
585 2120 635 2166 δὲ
667 2120 695 2176 ἡ
729 2120 856 2173 τάξις
895 2120 1007 2177 μετὰ
1045 2121 1096 2164 τὸ
1138 2120 1354 2178 ἰαμβικὸν
1387 2118 1551 2176 μέτρον
1583 2120 1633 2164 τὸ
1666 2120 1915 2177 τροχαϊκὸν

225 2188 465 2245 τετάχθαι,
497 2186 567 2232 ὅτι
599 2204 661 2242 τε,
694 2188 755 2239 ὡς
781 2186 974 2242 ἔφαμεν,
1006 2186 1118 2244 μετὰ
1143 2186 1313 2244 ἴαμβον
1338 2187 1610 2245 ὃισύλλαβος
1632 2187 1751 2238 ποὺς
1773 2184 1915 2243 μόνος

228 2254 250 2297 6
284 2261 498 2312 τροχαῖος
531 2252 696 2310 μέτρον
728 2254 942 2297 ἀποτελεῖ
972 2254 1051 2297 καὶ
1085 2251 1153 2297 ὄτι
1185 2253 1453 2309 ἀντιπαθὴς
1480 2254 1559 2297 καὶ
1584 2249 1686 2297 οἷον
1711 2253 1913 2297 ὑπεναν-

226 2319 322 2371 τίος
363 2324 423 2378 τῷ
464 2319 614 2379 ἰάμβῳ
655 2319 678 2363 6
719 2327 956 2377 τροχαῖος,
999 2317 1066 2363 ὅτι
1099 2319 1122 2363 6
1164 2318 1246 2375 μὲν
1288 2320 1336 2364 ἐκ
1369 2317 1589 2377 βραχείας
1620 2317 1914 2363 συντέθειται

161 2396 202 2427 30
227 2388 304 2430 καὶ
353 2394 531 2444 μακρᾶς
571 2386 593 2429 ὁ
635 2386 822 2444 ἴαμβος,
871 2386 893 2429 6
935 2386 986 2431 δὲ
1032 2394 1247 2444 τροχαῖος
1290 2387 1484 2442 ἔμπαλιν
1524 2387 1574 2430 ἐκ
1614 2392 1794 2442 μακρᾶς
1832 2386 1912 2429 καὶ.

229 2450 456 2510 βραχείας.
506 2453 650 2510 ταύτῃ
682 2453 762 2496 καὶ
794 2453 834 2496 εἰ
866 2451 1040 2511 ἀφέλῃς
1072 2453 1120 2497 ἐκ
1145 2459 1225 2496 τοῦ
1252 2453 1470 2510 ἰαμβικοῦ
1495 2451 1734 2507 τριμέτρου
1760 2455 1910 2495 καθα-

349 2612 402 2649 10
435 2607 582 2663 Heph,
613 2612 680 2661 17,
700 2612 724 2649 2
757 2609 771 2663 ΙΙ
806 2611 855 2650 11
893 2605 1050 2651 Choes.
1079 2612 1178 2662 214,
1199 2612 1251 2649 13
1284 2610 1298 2663 Η
1330 2612 1384 2650 28
1418 2605 1703 2663 ἀντιπαθής]
1737 2605 1911 2649 schol.A
1944 2623 1956 2634 ·

233 2671 415 2719 121,19.
481 2666 639 2710 Choer.
667 2671 773 2719 230,
798 2671 844 2718 6;
887 2667 941 2709 cf.
983 2669 1226 2722 praeterea
1266 2666 1434 2709 schol.1³
1467 2666 1563 2722 (lib.
1589 2666 1647 2721 II)
1681 2670 1787 2718 258,
1829 2666 1912 2708 sed

228 2725 467 2780 epiplocen
502 2725 573 2767 Tr.
609 2739 701 2768 non
733 2725 943 2769 nominat

349 2877 402 2914 10
446 2871 673 2915 σπονδείω
718 2886 829 2915 corr.
872 2885 927 2916 ex
970 2872 1052 2928 ἰάμ
1085 2889 1119 2931 ῳ
1162 2874 1207 2916 Ρ
1255 2873 1270 2928 ΙΙ
1326 2877 1378 2915 16
1423 2868 1776 2928 παραδείγματα
1822 2872 1867 2914 Ρ
1895 2871 1909 2928 Ι

231 2935 281 2973 17
315 2929 510 2974 Trichae
543 2918 676 2974 erroi.
702 2933 716 2986 ΙΙ
742 2937 794 2974 31
830 2932 888 2988 εἰ]
923 2931 1003 2974 ἐὰν
1064 2946 1160 2988 ung
