2090 3158
516 166 575 209 1⁶
607 166 751 207 ΠΕΡΙ
780 166 1015 207 ΚοΙΝΗΣ
1046 165 1386 206 ΣΤΛΛΑΒΗΣ
1696 163 1801 216 195

110 297 235 367 περὶ
281 300 461 351 τόνων
507 300 812 366 δείκνυται,
860 294 1021 353 αὗται
1067 300 1205 368 πρὸς
1259 298 1355 352 ἕνα
1405 299 1575 367 ἥμισυ
1627 301 1802 366 μόνον

110 377 299 449 ἔχουσι
338 382 567 449 χρόνον,
619 390 714 450 τῆς
753 381 920 450 φύσει
966 389 1176 450 μακρᾶς
1216 381 1319 433 δύο
1360 379 1614 448 ἐχούσης,
1663 381 1802 433 ὅθεν

20 469 78 510 46
110 461 201 514 καὶ
241 459 329 514 ἐπὶ
369 460 561 524 τέλους
601 458 762 515 οὖσαι
803 465 988 532 ἔχουσι
1028 462 1292 524 πολλάκις
1323 462 1422 514 τὸν
1453 460 1801 531 προπαροξύ-

110 561 279 596 τονον
315 545 494 596 τόνον.
1426 585 1444 594 -

221 622 295 694 (5,
323 622 414 695 10)
466 621 602 677 Εἶτα
643 625 798 694 φέρει
840 625 1185 695 παράδειγμα
1225 624 1253 678 ὁ
1294 625 1539 693 τεχνικὸς
1578 624 1666 676 καὶ
1709 622 1797 676 ἐπὶ

107 713 203 774 τῆς
262 708 322 758 {Tc
385 707 729 774 διφθόγγου·
792 707 909 774 ἥτις
970 707 1139 760 πάλιν
1192 703 1302 775 ἔχει
1358 705 1664 774 ἀπολογίαν
1718 704 1802 757 ὅτι

108 785 479 856 ἀσθενεστέρα
519 786 686 856 ἐστίν,
727 788 798 850 ὡς
839 787 897 841 ἐκ
938 788 1040 841 δύο
1073 788 1471 855 ὑποτακτικῶν,
1510 794 1610 840 τοῦ
1641 789 1679 839 ὗ
1710 786 1800 839 καὶ

107 874 207 920 τοῦ
259 879 300 934 ῖ,
355 878 747 936 συνεστηκυῖα’
804 870 942 922 ὅθεν
998 868 1262 922 οὐδέποτε
1314 869 1374 921 ἐν
1419 868 1562 921 τέλει
1609 866 1802 931 λέξεως

108 948 434 1017 εὑρίσκεται,
474 949 582 1019 ικαὶ
617 951 858 1019 εὐλόγως
891 951 974 1003 ὅτι
1007 951 1110 1004 οὐκ
1144 951 1203 1003 έν
1234 950 1375 1003 τέλει
1410 949 1636 1020 λέξεωςᾸ,
1676 948 1792 1002 ἀλλ’

108 1028 169 1082 ἐν
208 1030 352 1102 μέσῳ
392 1033 494 1099 τὴν
532 1033 728 1100 κοινὴν
760 1031 1031 1100 ἐποίησεν.
1093 1031 1251 1085 ’Ἐστι
1293 1030 1340 1084 δ’
1381 1032 1566 1100 εὑρεῖν
1596 1032 1698 1100 τὴν
1727 1033 1801 1084 ὀἳ

108 1113 430 1180 δίφθογγον
471 1114 730 1176 ὡσαύτως
768 1122 1043 1166 ποιοῦσαν
1082 1116 1294 1182 κοινήν,
1336 1107 1458 1166 οἷον
1495 1113 1642 1182 παρὰ
1665 1111 1800 1183 Ἀρι-

35 1260 41 1266 .
108 1195 372 1262 στοφάνει
414 1193 579 1265 (Nub.
612 1193 743 1266 838)

256 1276 436 1343 ὥσπερ
478 1283 782 1338 τεθνεῶτος
820 1278 1111 1330 καταλούει
1151 1298 1258 1346 μου
1297 1278 1395 1330 τὸν
1433 1279 1581 1344 βίον·

106 1365 207 1431 τὴν
254 1365 357 1432 γὰρ
403 1357 507 1417 ἦ
554 1367 835 1434 συλλαβὴν
877 1366 936 1418 ἐν
974 1366 1211 1437 τετάρτῳ
1251 1365 1382 1418 ποδὶ
1425 1367 1626 1434 ἰάμβου
1668 1382 1799 1419 συν-

107 1444 358 1498 έστειλεν.
445 1444 672 1513 Ὁμοίως
725 1446 817 1499 καὶ
871 1449 973 1516 τὴν
1024 1449 1099 1499 εὖ
1146 1447 1470 1514 εὑρίσκομεν
1524 1455 1799 1501 ποιοῦσαν

105 1528 326 1595 κοινήν,
374 1520 498 1580 οἷον
547 1528 606 1580 ἐν
652 1535 726 1600 τῷ
769 1530 965 1600 πρώτῳ
1016 1529 1191 1599 ἰάμβῳ
1226 1528 1618 1597 Ἱππώνακτος,
1658 1527 1798 1582 ἔνθα

107 1607 243 1676 φησὶ

254 1683 518 1750 μακάριος
558 1684 705 1745 ὅστις
745 1685 973 1752 θηρεύει
1013 1684 1278 1752 ῒπρήσας
1318 1682 1492 1754 (22³)-

105 1763 207 1830 τὴν
260 1766 361 1832 {ff
417 1764 477 1815 έν
531 1765 766 1836 τετάρτω
821 1764 952 1818 ποδὶ
1007 1764 1339 1818 συνέστειλε·
1401 1764 1713 1826 καὶ,πάλιν
1769 1765 1796 1818 ὁ

106 1845 272 1907 αὐτὸς
311 1844 373 1897 ἐν
414 1845 651 1916 δευτέρῳ
692 1847 823 1898 ποδὶ
859 1847 963 1915 τὴν
1005 1848 1066 1898 εἶ)

253 1929 431 1980 καίτοι
472 1925 521 1994 γ’
561 1928 774 1980 εὔωνον
814 1928 984 1980 αὐτὸν
1025 1930 1075 1980 εἰ
1111 1927 1296 1990 θέλεις
1336 1928 1495 1980 δώσω
1538 1925 1705 1998 (22b)·

104 2002 237 2077 ιεἶτα
275 2009 444 2060 πάλιν
484 2007 513 2061 ὁ
554 2009 718 2070 αὐτὸς

255 2088 467 2142 ἐκέλευε
505 2090 732 2157 βάλλειν
771 2088 861 2142 καὶ
903 2091 1086 2143 λεύειν
1120 2089 1461 2143 Ἱππώνακτα

104 2179 205 2246 τὴν
249 2170 344 2231 λεῙ)
394 2178 453 2230 ἐν
499 2179 736 2250 τετάρτῳ
783 2179 939 2230 ποδί·
991 2180 1173 2232 λεύειν
1221 2178 1287 2232 δέ
1321 2193 1494 2248 φησιν
1533 2178 1657 2232 ἀντὶ
1695 2187 1795 2232 τοῦ

105 2262 427 2327 λιθοβολεῖν
427 2299 458 2329 J.

208 2339 415 2393 Ἰστέον
454 2341 514 2392 δὲ
554 2341 635 2392 ὄτι
675 2341 707 2408 ἡ
741 2348 839 2393 τοῦ
879 2349 1112 2409 ποιητοῦ
1154 2349 1342 2411 χρῆσις
1381 2341 1412 2410 ἡ
1454 2340 1661 2410 ἔχουσα
1693 2343 1794 2410 τὴν

103 2422 186 2490 ἦ,
225 2422 313 2491 ιἣν
351 2421 657 2491 παραφέρει
699 2422 726 2474 ὁ
767 2425 1012 2491 τεχνικός
1052 2422 1126 2493 (5,
1153 2425 1196 2475 1.
1236 2426 1298 2474 Ν
1318 2420 1468 2491 275),
1510 2421 1793 2475 ἐναντιοῦ-

224 2563 248 2602 6
283 2559 423 2604 Prisc.
452 2558 536 2602 GL
560 2559 602 2601 Π
628 2563 697 2612 28,
719 2564 771 2602 15

226 2682 246 2720 1
268 2675 437 2733 ἥμισυν
454 2677 675 2721 Hoersch.
695 2679 708 2733 Η
725 2683 752 2720 4
768 2676 907 2721 τόνον
925 2692 1012 2722 om.
1027 2679 1070 2723 U
1079 2679 1094 2738 Η
1112 2685 1137 2722 5
1163 2678 1187 2723 ὁ
1204 2679 1412 2734 τεχνικὸς
1434 2677 1791 2736 παραδείγματα

104 2734 180 2778 ἐπὶ
204 2736 259 2779 K
278 2739 292 2791 Η
317 2741 341 2779 6
376 2737 441 2795 ῖυ-ι]
469 2742 513 2780 οἱ,
548 2737 597 2787 Π,
631 2742 660 2792 ῆ
687 2738 739 2780 Κ
763 2739 768 2794 Ι
797 2734 914 2794 ἥτις]
941 2735 1087 2788 οὕτως
1118 2738 1160 2782 U
1180 2740 1194 2795 Η
1221 2743 1243 2780 7
1271 2739 1331 2789 ὡς
1356 2752 1442 2781 om.
1472 2739 1545 2794 ΠΗ
1573 2742 1685 2780 7-8
1709 2744 1793 2794 τῆς

103 2801 132 2838 ῦ
163 2795 243 2838 καὶ
277 2805 293 2838 ῑ
325 2796 378 2838 Κ
410 2797 425 2852 Η
466 2800 489 2838 9
523 2794 854 2848 καὶ-λέξεως
886 2810 974 2839 om.
1000 2798 1054 2840 K
1084 2799 1098 2854 Η
1132 2803 1186 2841 10
1217 2796 1302 2852 τὴν
1335 2798 1469 2853 (post.
1503 2797 1551 2852 l.)
1585 2810 1672 2840 om.
1710 2798 1753 2842 U
1778 2799 1791 2854 Η

107 2857 158 2895 11
194 2853 408 2906 ὡσαύτως
438 2868 525 2898 om.
554 2855 607 2897 K
648 2857 662 2910 Η
704 2860 755 2897 13
789 2855 1007 2900 καταλύει
1042 2857 1086 2900 U
1125 2859 1139 2913 Η
1181 2861 1234 2899 14
1267 2863 1357 2912 ρῑόὺ
1391 2857 1434 2900 U
1473 2857 1487 2911 Η
1529 2861 1581 2900 18
1614 2855 1784 2913 μακηρ’

106 2909 128 2955 ’ὅ
159 2929 229 2962 τις
261 2913 330 2968 ΠΙ
359 2913 537 2967 πρήσας
569 2928 655 2957 om.
683 2915 770 2970 ΚΗ
795 2918 846 2956 21
883 2912 963 2958 καί
990 2931 1034 2958 τι
1067 2914 1109 2972 γ’
1133 2915 1326 2973 εὔγονον
1361 2916 1435 2971 ΠΗ
1460 2919 1515 2957 26
1542 2916 1612 2973 δὲ]
1639 2912 1723 2959 οὖν
1753 2916 1798 2959 U

1436 2987 1522 3032 13*

1845 644 1863 676 5

1826 1051 1869 1083 10

1824 1467 1865 1499 15

1822 1867 1864 1899 20

1820 2280 1861 2313 25
