2090 3158
198 1173 240 1204 10

200 1578 241 1611 15

202 1985 244 2017 20

262 160 367 213 184
713 158 1023 200 ΓΕΩΡΓΙΟΤ
1054 157 1495 199 ΧοΙΡοΒοΣΚοΤ

1010 341 1199 411 Cap.1.

663 463 825 531 Περὶ
865 463 1174 530 βραχείας
1214 463 1557 528 συλλαβῆς.

377 583 604 649 Βραχεῑά
660 583 762 634 ἑςτι
819 581 1047 644 ςυλλαβὴ
1104 580 1135 643 ἡ
1194 579 1388 643 ἔχουςα
1439 581 1604 644 βραχὺ
1654 582 1871 644 φωνῆεν
1917 579 1949 643 ἢ

267 666 681 731 βραχυνόμενον,
725 664 788 726 μὴ
833 662 917 713 ἐπὶ
957 662 1146 713 τέλους
1178 662 1372 714 λέξεως
1405 661 1578 713 οὕτως
1610 661 1683 713 ὡς
1716 662 1781 724 μὴ
1818 659 1952 714 εἶναι

266 748 456 810 μεταξὺ
497 746 692 797 τούτου
733 746 829 795 τοῦ
870 743 1186 807 φωνήεντος
1225 743 1310 794 καὶ
1349 746 1446 795 τοῦ
1489 743 1546 794 ἐν
1586 747 1647 810 τῇ
1683 743 1800 805 ἑξης
1833 745 1951 794 ςυλ-

263 831 396 895 λαβῆ
447 826 786 895 [φωνήεντος
827 825 892 887 μὴ
942 823 1226 891 ὑπάρχειν]
1269 825 1528 888 ςύμφωνα
1567 823 1792 876 πλείονα
1831 823 1954 875 ἑνὸς

265 908 454 969 ἁπλοῦ,
497 906 613 958 ἀλλ’
651 906 769 969 ἤτοι
809 906 868 956 ἓν
907 905 938 968 ἢ
981 907 1111 968 μηδὲ
1153 905 1224 957 ἕν.
1266 937 1328 941 -
1376 905 1429 959 U

377 991 606 1053 Βραχεῑα
658 987 886 1050 ςυλλαβή
938 986 1074 1038 ἐςτιν
1121 987 1151 1050 ἡ
1202 987 1397 1051 ἔχουςα
1446 989 1611 1052 βραχὺ
1661 989 1881 1051 φωνῆεν
1919 986 1952 1049 ἢ

266 1070 679 1134 βραχυνόμενον,
722 1069 787 1131 μὴ
831 1068 917 1118 ἐπὶ
955 1067 1144 1120 τέλους
1185 1070 1391 1130 λέξεως,
1445 1069 1518 1120 ὡς
1558 1070 1750 1132 μεταξὺ
1792 1068 1955 1130 αὐτῆς

265 1152 349 1202 καὶ
395 1153 491 1201 τοῦ
541 1150 597 1201 ἐν
638 1154 699 1217 τῇ
749 1149 867 1212 ἑξῆς
915 1152 1145 1216 ςυλλαβῇ
1203 1149 1518 1213 φωνήεντος
1572 1150 1638 1213 μὴ
1695 1149 1954 1213 ὑπάρχειν

264 1232 488 1284 πλείονα
543 1231 803 1296 ςύμφωνα
858 1230 979 1282 ἑνὸς
1035 1230 1232 1291 ἁπλοῦ,
1289 1229 1406 1282 ἀλλ’
1452 1230 1570 1294 ἤτοι
1625 1231 1684 1282 ἓν
1738 1231 1770 1294 ἢ
1824 1232 1955 1294 μηδὲ

266 1313 336 1365 ἕν.
369 1343 442 1350 --
473 1313 537 1364 Κ

386 1393 585 1446 Ἰστέον
617 1393 718 1461 ὅτι,
760 1393 832 1455 ὡς
862 1395 1200 1462 προείρηται,
1238 1392 1570 1461 ἐγχειρίδιον
1602 1392 1834 1461 γράφων
1865 1392 1955 1444 καὶ

2083 527 2090 574 i

266 1476 337 1537 ὡς
377 1474 439 1527 ἐν
476 1476 780 1542 εἰσαγωγῆς
811 1476 1012 1546 τρόπῳ,
1054 1474 1156 1526 οὐκ
1187 1472 1387 1543 ῆρξατο
1418 1483 1639 1543 πρῶτον
1672 1473 1775 1526 ἀπὸ
1811 1487 1958 1526 στοι-
1990 1477 2090 1536 (91).

267 1558 452 1626 χείων,
501 1557 573 1618 ὥς
617 1555 763 1618 τινές
802 1570 1000 1624 φασιν,
1048 1556 1080 1624 ἢ
1121 1555 1303 1624 λέγειν
1341 1563 1442 1608 τοῦ
1480 1556 1682 1623 μέτρου
1723 1555 1883 1624 ὅρον,
1923 1554 1955 1623 ἢ

266 1638 370 1690 ἀπὸ
418 1645 517 1690 τοῦ
571 1636 769 1706 γένους
822 1645 918 1705 τῆς
965 1640 1266 1705 συλλαβῆς,
1323 1638 1495 1690 οἱονεὶ
1554 1645 1650 1705 τῆς
1707 1639 1955 1689 καθόλου

268 1721 544 1787 συλλαβῆς
578 1715 848 1788 (καθόλου
889 1720 993 1787 γὰρ
1036 1720 1326 1787 συλλαβή
1367 1718 1569 1787 ἐστιν,
1611 1719 1682 1780 ὥς
1721 1732 1894 1786 φησιν
1927 1717 1955 1770 ὁ

267 1801 570 1861 Διονύσιος
610 1798 670 1851 ἐν
709 1807 773 1868 τῆ
821 1799 1006 1869 τέχνῃ,
1054 1802 1295 1866 κυρίως
1334 1801 1655 1868 σύλληψις
1696 1801 1952 1868 συμφώ-

268 1902 396 1934 νων
442 1882 596 1948 μετὰ
642 1884 1016 1949 φωνήεντος
1061 1880 1093 1948 ἣ
1143 1880 1561 1949 φωνηέντων,
1611 1874 1754 1933 οἷον
1794 1881 1958 1949 Κάρ,

267 1962 466 2032 βοῦς),
507 1960 621 2013 ἀλλ’
664 1961 768 2013 ἀπὸ
810 1969 905 2029 τῆς
945 1961 1005 2014 ἐν
1045 1963 1179 2014 εῖδει
1212 1965 1504 2030 συλλαβῆς,
1545 1962 1718 2014 οἱονεὶ
1748 1970 1959 2030 μακρᾶς

268 2044 356 2096 καὶ
405 2046 660 2112 βραχείας
706 2044 795 2095 καὶ
836 2052 1038 2112 κοινῆς.
1116 2043 1217 2111 ὕλη
1260 2045 1364 2112 γὰρ
1405 2053 1516 2095 τῶν
1554 2042 1769 2111 μέτρων
1809 2042 1959 2096 ἐστὶν

269 2125 300 2193 ἡ
328 2126 590 2192 συλλαβή,
623 2125 711 2176 καὶ
745 2125 878 2176 ἄνευ
911 2126 1110 2193 ταύτης
1143 2125 1244 2178 οὐκ
1277 2124 1346 2177 ἂν
1379 2126 1609 2191 συσταίη
1641 2123 1856 2191 μέτρον.
1884 2155 1959 2162 —

270 2206 358 2258 καὶ
398 2206 563 2267 αὐτὸς
601 2202 702 2271 μὲν
741 2205 911 2273 λέγει,
959 2206 1031 2268 ὡς
1069 2207 1158 2258 καὶ
1197 2207 1397 2268 πάντες
1436 2213 1825 2274 συμφωνοῦσι,
1865 2214 1959 2274 τῆς

271 2290 548 2354 συλλαβῆς
596 2283 738 2338 εἶναι
786 2290 909 2355 τρία
958 2289 1074 2355 εἴδη
1116 2296 1210 2356 τῆς
1257 2289 1522 2355 καθόλου,
1574 2286 1712 2354 λέγω
1754 2288 1820 2354 δὴ
1860 2307 1958 2353 μα-

391 2436 533 2474 2-12
573 2432 716 2488 Long.
744 2436 813 2485 87,
840 2436 895 2475 22
951 2434 965 2487 ll
1021 2437 1074 2475 13
1108 2432 1251 2489 Long.
1278 2437 1357 2487 86,
1385 2437 1423 2475 1.
1453 2438 1520 2476 14.
1555 2458 1610 2464 —
1643 2432 1700 2475 cf.
1736 2431 1876 2475 schol.
1909 2431 1958 2474 in

271 2491 405 2534 Dion.
432 2491 537 2534 Thr.
568 2495 666 2544 159,
686 2496 710 2533 2
754 2493 769 2547 ΙΙ
810 2492 938 2548 14s15
973 2491 1064 2534 ἀπὸ
1099 2489 1338 2548 στοιχείων
1369 2492 1445 2534 ΑΙ.
1474 2490 1629 2544 Quint.
1659 2496 1727 2544 28,
1749 2495 1816 2534 18.
1871 2492 1957 2534 An.

272 2549 375 2593 Vat.
396 2550 479 2594 AV
497 2554 551 2593 98
579 2555 603 2603 ξ
622 2555 647 2593 2
666 2552 679 2605 ΙΙ
699 2554 752 2593 18
777 2549 911 2592 Dion.
932 2550 1149 2606 Th1.16‚7
1169 2551 1182 2609 ΙΙ
1201 2556 1254 2593 22
1281 2551 1423 2608 Long.
1444 2555 1595 2603 86,15.
1630 2549 1786 2594 Choer.
1801 2553 1958 2604 182,13

394 2672 414 2710 1
450 2667 567 2725 ἀρχὴ
599 2675 680 2711 τοῦ
721 2666 954 2723 κειμένου·
997 2667 1020 2710 ὁ
1061 2667 1288 2724 πρόλογος
1320 2670 1429 2712 ante
1459 2669 1567 2722 περὶ
1598 2667 1703 2711 add.
1731 2668 1816 2723 KH
1842 2672 1867 2710 6
1901 2667 1958 2710 cf.

273 2726 415 2783 Long.
450 2731 526 2779 86,
554 2731 578 2770 3
634 2730 648 2783 ΙΙ
702 2731 727 2769 9
772 2727 933 2784 αὐτῆς]
967 2727 1111 2772 αὐτοῦ
1153 2728 1470 2780 scribendum,
1511 2727 1590 2770 sed
1632 2727 1773 2781 αὐτῆς
1816 2726 1959 2769 etiam

274 2784 415 2841 Long.
449 2787 462 2840 Η
498 2791 625 2842 14s15
659 2783 912 2842 στοιχείων]
950 2784 1106 2843 στίχου
1140 2787 1193 2830 Κ
1241 2789 1254 2842 ΙΙ
1312 2791 1364 2829 15
1397 2789 1504 2842 post
1534 2783 1562 2840 ἢ
1595 2787 1757 2841 (praet.
1791 2785 1839 2840 l.)
1871 2785 1958 2828 lac.

273 2843 412 2886 indic.
446 2844 612 2900 Egen.;
644 2845 748 2887 fort.
785 2844 912 2902 (ἀπὸ
946 2845 1062 2903 τοῦ)
1088 2847 1102 2901 ΙΙ
1130 2851 1180 2888 16
1216 2845 1361 2889 οἱονεὶ
1393 2859 1479 2888 om.
1507 2846 1593 2901 ΚΗ
1621 2850 1672 2887 17
1707 2845 1767 2895 ὡς
1790 2844 1960 2887 Διονύ-

276 2916 373 2951 σιος
406 2904 547 2958 φησὶν
581 2905 634 2946 K
