2090 3158
590 172 673 213 xv
690 182 799 215 5—15
831 173 975 213 ΠΕΡΙ
1005 171 1457 214 ΑΣΤΝΑΡΤΗΤῼΝ
1770 172 1871 223 157

297 305 383 374 50,
407 305 443 356 4
481 307 692 372 γίνεται
733 303 792 359 δὲ
832 305 861 359 ὁ
900 305 1234 374 τελευταῖος]
1273 307 1454 370 ὥσπερ
1496 305 1557 358 ἐν
1590 306 1729 359 τέλει
1762 310 1875 359 στί-

185 407 285 456 χου
334 385 542 458 (στίχος
587 388 691 456 γὰρ
741 388 892 440 δοκεῖ
939 381 1106 454 εἶναι,
1154 393 1207 440 εἴ
1248 406 1309 455 γε
1358 389 1460 440 δύο
1501 389 1875 457 συνῃρημέναι

184 465 337 538 εἰσί·)
383 466 473 521 καὶ
522 469 702 538 μακρὰ
747 469 1010 531 πολλάκις
1059 467 1179 521 ἀντὶ
1226 470 1482 538 βραχείας
1521 470 1875 537 παραλαμβά-

184 569 350 602 νεται.

51 636 150 695 [94]
296 630 382 699 50,
410 630 479 682 14
517 633 708 696 τρίτον
747 627 894 694 εἶδος
932 631 1326 700 ἀσυναρτήτων
1357 629 1416 684 ἐκ
1449 632 1552 684 δύο
1588 632 1876 685 δακτύλων

182 710 271 766 καὶ
315 715 592 781 συλλαβῆς
630 713 721 765 καὶ
759 713 1042 782 τεσσάρων
1083 713 1309 781 ἰάμβων.

292 793 379 862 50,
409 794 474 846 18
524 793 754 857 ἔνδοξόν
803 793 916 847 ἐστι
957 793 1349 847 ἐπισύνθετονε
1402 793 1773 848 ἐπισύνθετον
1813 791 1874 847 δὲ

181 876 241 927 τὸ
291 873 349 928 ἐκ
398 877 688 946 διαφόρων
736 877 927 929 ποδῶν
975 878 1338 944 συγκείμενον
1387 875 1742 945 ἀσυμφώνων
1781 876 1874 929 άλ-

180 959 367 1025 λήλοις
419 958 556 1010 κατὰ
604 958 704 1026 τὴν
758 959 1033 1026 ποσότητα
1088 958 1458 1026 δισυλλάβων,
1513 956 1603 1010 καὶ
1652 962 1873 1027 τρισυλ-

181 1039 380 1105 λάβων.

49 1123 146 1182 [95]
291 1119 376 1187 51,
403 1121 436 1172 3
491 1122 551 1173 τὸ
609 1118 668 1173 δὲ
724 1120 1223 1189 ἀντεστραμμένον]
1278 1122 1338 1172 τὸ
1393 1120 1494 1187 μὲν
1545 1130 1766 1189 πρῶτον
1813 1119 1872 1173 ἐκ

179 1208 278 1253 τοῦ
325 1209 504 1254 ποσοῦ
554 1201 784 1270 ἐκλήθη,
832 1202 892 1254 τὸ
941 1198 1002 1254 δὲ
1050 1202 1312 1271 δεύτερον
1351 1203 1412 1254 τὸ
1455 1201 1773 1270 ἰαμβέλεγος
1814 1202 1871 1254 ἐκ

179 1289 280 1334 τοῦ
319 1291 498 1335 ποιοῦ,
578 1283 763 1352 [τοῦτο
806 1279 866 1334 δὲ
908 1282 967 1335 ἐν
1008 1283 1300 1353 συνεχείᾳ]

292 1363 379 1431 51,
405 1364 452 1416 6.
482 1364 510 1415 7
559 1366 619 1418 τὸ
668 1373 888 1432 πρῶτον
933 1365 1039 1432 ’γάρ
1080 1363 1231 1417 ἐστιν
1278 1364 1336 1416 ἐκ
1384 1365 1487 1416 δύο
1530 1365 1742 1433 ἰάμβων
1781 1364 1870 1417 καὶ

181 1448 483 1514 συλλαβῆς,
534 1447 595 1498 τὸ
637 1442 696 1498 δὲ
738 1447 1000 1513 δεύτερον
1042 1445 1100 1498 ἐκ
1141 1447 1243 1498 δύο
1285 1447 1572 1498 δακτύλων
1610 1447 1701 1499 καὶ
1742 1451 1871 1499 συλ-

181 1529 352 1595 λαβῆς
397 1535 547 1594 μιᾶς,
595 1529 655 1580 τὸ
703 1530 892 1597 τρίτον
940 1528 1042 1579 δύο
1094 1530 1282 1595 ἴαμβοι
1328 1525 1419 1580 καὶ
1460 1530 1730 1596 συλλαβή,
1780 1527 1871 1580 καὶ

63 1617 147 1655 207
180 1608 348 1660 πάλιν
389 1610 491 1661 δύο
533 1610 793 1662 δάκτυλοι
833 1607 923 1660 καὶ
965 1610 1234 1677 συλλαβή·
1282 1609 1354 1671 ὡς
1393 1609 1483 1661 καὶ
1521 1609 1693 1671 τύπος
1732 1610 1871 1672 ἅπας

180 1688 438 1758 τέσσαρες
489 1694 673 1758 ἴαμβοι
720 1688 810 1742 καὶ
859 1690 961 1742 δύο
1010 1691 1302 1758 συλλαβαί,
1351 1688 1440 1742 καὶ
1480 1690 1736 1760 τέσσαρες
1777 1691 1872 1743 δά-

180 1775 372 1823 κτυλοι
412 1773 500 1824 καὶ
543 1773 645 1825 δύο
687 1773 971 1839 συλλαβαί.

292 1852 379 1921 52,
404 1853 436 1904 3
476 1854 572 1921 <τὸ
614 1850 675 1905 δὲ
712 1855 982 1923 πρότερον
1022 1851 1261 1920 οὐκέτι>ε
1302 1854 1350 1905 εἰ
1381 1854 1484 1921 γὰρ
1519 1851 1578 1906 ἐκ
1611 1854 1870 1906 δισυλλά-

179 1935 297 1999 βων
337 1939 438 2002 εἴη,
478 1936 543 1987 οὐ
586 1937 849 1988 δυνατόν·
901 1935 961 1986 τὸ
1002 1934 1106 2002 γὰρ
1148 1934 1412 2003 δεύτερον
1450 1933 1613 2003 μέρος
1651 1935 1870 1998 πάντως

179 2017 307 2077 τοὺς
346 2015 751 2083 τρισυλλάβους
790 2017 942 2068 αἰτεῖ.

50 2101 146 2159 [97]
292 2096 377 2165 52,
403 2097 474 2148 20
506 2098 592 2149 δεῖ
624 2097 684 2149 δὲ
715 2098 775 2150 τὸ
809 2096 1051 2165 ἐλεγεῖον
1083 2097 1479 2164 <τέμνεσθαι>ε
1512 2096 1633 2150 ἀντὶ
1659 2105 1758 2149 τοῦ
1792 2099 1869 2159 εἰς

180 2177 343 2245 μέρος
376 2180 547 2246 λόγου
580 2181 920 2247 καταλήγειν.
973 2178 1068 2232 ἐὰν
1100 2176 1160 2231 δὲ
1191 2180 1251 2232 τὸ
1285 2179 1546 2247 δεύτερον
1578 2178 1742 2247 μέρος
1767 2187 1866 2231 τοῦ

182 2258 449 2328 ἐλεγείου,
498 2254 620 2313 οἷον
659 2262 719 2313 τὸ
762 2261 876 2313 οὐκ
924 2259 1232 2328 ἐγένοντο
1274 2264 1484 2330 φίλοι,
1533 2261 1866 2330 διπλασιάσῃ
1915 2282 1933 2314 5

181 2358 287 2407 τις,
334 2349 480 2392 ποιεῖ
528 2339 791 2408 ἐλεγεῖον·
845 2339 1030 2410 ἐπειδὴ
1077 2340 1166 2394 καὶ
1206 2343 1267 2395 τὸ
1315 2351 1535 2410 πρῶτον
1574 2340 1738 2410 μέρος
1777 2342 1867 2394 καὶ

180 2421 241 2473 τὸ
283 2422 543 2488 δεύτερον
584 2421 795 2490 δέχεται
837 2424 1160 2485 δακτύλους·
1202 2425 1262 2476 τὸ
1304 2425 1364 2476 δὲ
1404 2433 1624 2492 πρῶτον
1655 2421 1753 2475 ἐὰν
1786 2424 1867 2475 δι-

300 2630 324 2667 2
357 2624 530 2698 στίχος”
565 2624 721 2683 στίχον
754 2628 865 2681 IM,
901 2640 1012 2670 corr.
1039 2627 1183 2670 Pauw
1236 2630 1250 2684 ΙΙ
1306 2633 1330 2670 5
1363 2624 1520 2681 τρίτον
1553 2622 1677 2675 εἶδος
1708 2627 1864 2682 Pauw,

179 2700 285 2738 τρια
319 2683 418 2741 εἴδη
449 2687 547 2729 IM
567 2687 581 2742 ΙΙ
606 2691 630 2728 6
663 2685 896 2740 τεσσάρων
930 2686 975 2742 (i.
1010 2700 1047 2729 e.
1082 2685 1149 2743 δ’)
1182 2687 1338 2736 PauW,
1372 2686 1458 2729 δύο
1484 2687 1582 2729 IM
1603 2687 1616 2741 ΙΙ
1644 2691 1695 2728 13
1728 2693 1864 2730 τοῦτο

182 2742 466 2804 -συνεχείᾳ
510 2746 592 2787 aut
629 2744 799 2787 falsum
843 2744 1014 2788 lemma
1057 2746 1117 2788 ad
1158 2745 1366 2789 scholion
1410 2750 1528 2788 14—
1542 2749 1595 2788 19
1637 2746 1746 2788 sunt
1784 2748 1866 2789 aut

179 2801 317 2845 huius
348 2790 580 2846 lemmatis
612 2805 701 2859 (51,
719 2807 761 2859 4)
795 2804 1045 2860 explicatio
1076 2805 1218 2861 periit
1247 2807 1261 2861 ΙΙ
1296 2811 1348 2848 15
1382 2804 1579 2861 συλλαβὴ
1612 2802 1694 2859 μία
1726 2807 1761 2848 I
1764 2807 1825 2849 M
1852 2804 1865 2862 Ι

182 2865 236 2903 20
267 2861 316 2904 in
349 2864 448 2906 IM
475 2863 646 2906 lemma
677 2862 844 2919 τὸμὲν
876 2863 924 2935 βΙ
958 2864 1205 2908 διπλάσιον
1233 2865 1238 2922 Ι
1268 2862 1543 2920 δισυλλάβου
1577 2865 1611 2907 Ι
1637 2865 1651 2919 ΙΙ
1683 2869 1737 2906 22
1771 2880 1863 2918 τρι-

181 2920 434 2978 συλλάβους
466 2922 692 2977 Westph„
726 2922 1027 2980 δισυλλάβους
1059 2925 1158 2967 1M

1921 653 1940 686 5

1897 1060 1939 1092 10

1897 1468 1938 1501 15

1894 1876 1937 1908 20
