2060 3168
148 150 192 191 V
221 149 368 191 ΠΕΡΙ
390 148 515 191 ΤΟΤ
539 148 855 191 ΙΑΜΒΙΚΟΤ.
896 148 960 189 VI
991 148 1137 189 ΠΕΡΙ
1158 147 1282 190 ΤΩΝ
1306 148 1684 191 ANAKPEONT.
1734 146 1843 199 343

148 285 336 353 πρώτῃ
391 283 481 335 καὶ
528 284 682 353 τρίτῃ
738 283 828 336 καὶ
881 281 1095 353 πέμπτῃ
1142 283 1299 351 βάσει
1349 284 1551 350 ἴαμβον
1595 281 1628 350 ἢ
1678 296 1845 334 σπον-

151 366 328 432 δεῖον,
377 363 438 417 ἐν
486 360 546 416 δὲ
594 372 657 434 τῇ
707 362 936 435 δευτέρᾳ
982 361 1073 417 καὶ
1119 363 1346 434 τετάρτῃ
1405 365 1604 431 ἴαμβον
1650 365 1843 432 μόνον,

148 443 210 499 ἐν
251 446 312 499 δὲ
350 453 415 516 τῇ
456 444 581 516 ἕκτῃ
624 447 825 515 ἴαμβον
863 444 896 513 ἢ
937 448 1250 514 πυρρίχιον.

876 636 1002 708 Cap.
1029 636 1118 691 VI.

535 757 697 825 Περὶ
735 765 862 808 τῶν
901 755 1462 825 Άνακρεοντείών.
1556 788 1557 791 =
1890 778 1910 810 5

262 876 307 927 1.
373 879 495 928 Τῶν
542 874 997 944 Άνακρεοντείων
1043 873 1389 944 ἐπιδέχονται
1443 876 1496 928 οἱ
1552 869 1695 928 οἶκοι
1742 872 1845 944 μὲν

146 956 488 1010 ἀνάπαιστον
535 955 625 1009 καὶ
673 956 776 1009 δύο
826 955 1058 1024 ἰάμβους
1105 954 1197 1008 καὶ
1243 958 1375 1024 μίαν
1413 958 1674 1027 περιττὴν
1713 961 1843 1010 συλ-

148 1041 342 1107 λαβήν,
382 1030 504 1091 οἷον

332 1123 338 1128 ”
416 1118 521 1172 ἀπὸ
562 1127 662 1172 τοῦ
704 1120 873 1172 λίθου
912 1119 973 1172 τὸ
1015 1119 1260 1189 ῥεῖθρον.

144 1202 206 1254 τὸ
262 1198 323 1254 δὲ
378 1202 591 1254 τούτων
644 1202 1017 1254 κουκούλλιον
1069 1203 1200 1263 τοὺς
1252 1200 1357 1253 ἀπὸ
1412 1198 1702 1264 ἐλάττονος
1751 1202 1842 1255 καὶ
1868 1222 1912 1254 10

144 1285 411 1350 μείζονος,
450 1287 638 1336 εἷ’τουν
677 1284 974 1351 πυρρίχιον
1012 1282 1103 1334 καὶ
1144 1282 1459 1349 σπονδεῖον,
1500 1274 1621 1335 οἷον

415 1363 609 1433 ἀρετῆς
648 1364 992 1433 εὐστεφάνου
1034 1363 1212 1416 ἄνθεα
1251 1362 1471 1432 δρέψας.

258 1446 307 1498 2.
331 1442 524 1498 ’Έστιν
556 1445 584 1498 ὁ
618 1447 803 1514 στίχος
833 1453 933 1498 τοῦ
958 1444 1342 1514 Ἀνακρέοντος
1374 1439 1557 1508 οὗτος·
1589 1445 1622 1514 ἡ
1654 1447 1842 1514 πρώτη

145 1528 297 1596 χώρα
343 1526 397 1590 ἐξ
446 1526 812 1595 ἀναπαίστου,
858 1527 892 1595 ἡ
934 1525 1163 1595 δευτέρα
1201 1526 1290 1578 καὶ
1329 1528 1483 1594 τρίτη
1526 1525 1578 1590 ἐξ,
1621 1528 1843 1596 ἰάμβου,

145 1609 179 1676 ἡ
219 1608 446 1677 τετάρτη
486 1608 905 1675 μονοσύλλαβος
942 1607 1031 1660 καὶ
1071 1607 1399 1678 ἀδιάφορος·
1867 1630 1910 1662 15

416 1689 522 1742 ἀπὸ
562 1696 658 1757 τῆς
697 1692 862 1758 φίλης
901 1688 1122 1758 ἐρήμου.

144 1778 246 1824 τοῦ
301 1767 362 1824 δὲ
418 1773 788 1824 κουκουλλίου
834 1771 867 1839 ἡ
914 1771 1101 1839 πρώτη
1150 1770 1239 1822 καὶ
1286 1771 1440 1838 τρίτη
1491 1771 1582 1823 καὶ
1627 1769 1841 1840 πέμπτη

146 1854 298 1922 χώρα
344 1850 404 1904 ἐκ
449 1854 773 1921 πυρριχίου,
821 1853 854 1921 ἡ
895 1851 1126 1917 δευτέρα
1173 1851 1262 1904 καὶ
1310 1852 1537 1922 τετάρτη
1579 1851 1638 1905 ἐκ
1677 1866 1843 1906 σπον-

147 1936 322 2003 δειόυ,
362 1935 395 2003 ἡ
436 1933 561 2002 ἕκτη
603 1933 660 1986 ἐκ
701 1935 1004 1988 σπονδείου
1043 1933 1075 2002 ἢ
1115 1937 1398 2002 τροχαίου,
1438 1925 1560 1986 οἷον

419 2017 697 2085 Ζαχαρίου
737 2014 981 2084 μεγάλου
1020 2015 1298 2083 πάγκλυτε
1336 2022 1516 2085 κοῦρε.
1865 2037 1909 2069 20

269 2183 291 2220 1
328 2174 377 2234 ἢ]
409 2176 489 2219 καὶ
522 2175 692 2219 schol.B
723 2176 737 2233 Η
771 2180 795 2217 2
828 2173 973 2232 μόνον
1006 2175 1069 2229 K,
1101 2175 1180 2219 καὶ
1211 2174 1358 2232 μόνον
1390 2177 1436 2220 Β
1466 2177 1482 2231 ΙΙ
1513 2179 1538 2217 3
1572 2176 1619 2218 et
1649 2174 1840 2218 iambici

146 2235 492 2292 explanationis
525 2237 733 2278 extrema
763 2248 872 2290 pars
905 2236 952 2278 et
976 2234 1234 2290 capitulum
1260 2235 1318 2278 de
1341 2237 1490 2278 metro
1523 2233 1730 2291 elegiaco
1763 2234 1840 2277 hic

145 2295 486 2339 interciderunt
517 2297 532 2350 ΙΙ
564 2300 589 2337 5
619 2301 712 2337 τῶν
745 2308 832 2337 om.
859 2295 904 2337 Β
928 2295 942 2350 ΙΙ
970 2299 1020 2337 11
1055 2293 1228 2352 εἴτουν]
1259 2293 1495 2339 τουτέστιν
1526 2309 1632 2350 app.
1665 2293 1800 2336 Dion.
1825 2295 1839 2350 [Ι

151 2359 205 2398 13
238 2353 384 2404 οὕτως
416 2355 460 2397 Β
485 2356 499 2409 ΙΙ
526 2358 698 2398 18-19
730 2368 798 2396 vv,
833 2351 1084 2397 σπονδείου
1118 2353 1144 2409 ἡ
1178 2351 1283 2409 ἕκτη
1317 2353 1366 2397 ἐκ
1399 2367 1486 2397 om.
1515 2354 1569 2396 K
1594 2356 1608 2408 n
1643 2357 1695 2396 19
1730 2354 1839 2396 ante

148 2413 199 2458 ἐκ
239 2414 346 2457 add.
380 2413 451 2456 ΡΒ.
477 2412 628 2468 Heph.
663 2418 687 2466 ς
717 2413 768 2455 8b
808 2413 888 2456 καὶ
929 2411 1047 2466 αὐτή
1100 2415 1114 2468 ΙΙ
1167 2412 1216 2455 in
1249 2414 1294 2456 Β
1334 2415 1592 2467 sequuntur
1631 2411 1840 2468 capitula

147 2473 254 2527 περὶ
279 2473 613 2530 βαρβαρισμοῦ,
638 2472 743 2526 περὶ
768 2475 1075 2526 σολοικισμοῦ,
1101 2472 1206 2526 περὶ
1232 2478 1433 2529 στιγμῆς,
1459 2484 1578 2527 quae
1604 2470 1762 2514 omisit
1778 2471 1836 2523 K,

146 2533 250 2575 tum
288 2532 337 2574 in
378 2532 487 2575 ΒΚ
522 2531 592 2574 Ps.
621 2529 823 2574 Castoris
867 2533 1086 2587 excerpta
1129 2531 1363 2575 rhetorica.
1408 2530 1495 2587 (ed.
1532 2530 1836 2574 Studemund.

148 2590 399 2634 Vratislav.
429 2592 562 2647 1888)
