2060 3168
191 167 298 220 268
769 170 1002 212 ΣΧΟΛΙΑ
1031 171 1068 211 Β
1102 167 1198 227 (lib.
1224 168 1303 224 ΠΙ)

190 304 582 371 καταληπτικὸν
621 300 681 356 δὲ
722 304 795 365 ὡς
833 304 893 355 τὸ
936 302 1161 374 (Archil.
1191 302 1319 374 116)

413 386 580 452 ὄγμος
611 391 781 436 κακοῦ
816 380 876 435 δὲ
909 386 1112 452 γήραος
1142 389 1401 454 καθαιρεῖ
1425 384 1518 456 (=
1545 384 1741 455 Heph.)

190 465 725 534 ὑπερκαταληκτικὸν
766 461 825 517 δὲ
866 465 936 526 ὡς
977 465 1127 517 τόδε·

413 547 580 615 πάτερ
620 547 906 614 Λυκάμβα,
946 554 1109 598 ποῖον
1147 545 1370 615 ἐφράσω
1411 549 1560 612 τόδε;
1598 551 1702 617 τίς;

146 650 164 681 5
198 628 646 697 Τετράμετρον
686 626 762 695 δέ,
803 627 1321 696 βραχυκατάληκτον
1359 625 1459 694 μὲν
1499 629 1571 691 ὡς
1608 636 1794 682 τοῦτο·

411 709 578 774 πάτερ
622 707 890 775 Λυκάμβα
929 717 1092 760 ποῖον
1132 707 1355 777 ἐφράσω
1395 711 1543 773 τόδε;
1582 712 1665 773 τίς
1703 711 1823 774 σάς;

190 793 363 842 λείπει
415 791 516 857 γὰρ
559 789 668 860 ὅλῳ
707 790 838 842 ποδὶ
877 790 1013 858 πρὸς
1053 791 1429 859 τετράμετρον.
1508 790 1878 860 ἀκατάληπτον

190 868 250 923 δὲ
291 872 362 933 ὡς
401 872 524 923 τόδε
567 869 705 940 (Ale.
738 868 834 942 56)

411 951 561 1015 δέξαι
599 972 666 1019 με
703 953 1036 1020 κωμάζοντα,
1077 950 1243 1021 δέξαι,
1283 956 1544 1022 λίσσομαί
1579 969 1655 1021 σε,
1696 955 1878 1007 λίσσο-

124 1058 165 1088 10
1255 1056 1351 1104 μαι
1391 1034 1486 1106 (=
1515 1033 1735 1106 Heph.)·

188 1117 412 1185 πλήρεις
450 1116 554 1184 γὰρ
596 1117 704 1184 ἔχει
737 1116 831 1177 τὰς
862 1114 1128 1183 τέσσαρας
1161 1117 1426 1179 διποδίας.
1484 1118 1880 1186 καταληκτικὸν

190 1194 250 1250 δὲ
291 1198 362 1259 ὡς
399 1199 525 1249 τόδε
565 1194 826 1267 (Hippon.
862 1195 956 1267 90)

411 1283 466 1331 εἴ
505 1299 598 1347 μοι
647 1278 861 1345 γένοιτο
909 1278 1190 1348 παρθένος
1236 1283 1373 1348 καλή
1418 1300 1475 1332 τε
1525 1279 1614 1332 καὶ
1662 1279 1878 1349 τέρεινα

1256 1360 1350 1432 (=
1375 1359 1595 1431 Heph.)·

122 1465 162 1511 15
189 1444 361 1494 λείπει
400 1443 503 1510 γὰρ
543 1447 643 1512 μιᾷ
681 1444 928 1511 συλλαβῇ
967 1443 1106 1511 πρὸς
1143 1443 1519 1512 τετράμετρον.
1581 1443 1879 1512 ὑπερκατα-

188 1527 388 1590 ληκτον
429 1523 489 1576 δὲ
529 1522 602 1585 ὡς
639 1524 766 1576 τόδε
808 1521 1019 1594 (Georg.
1045 1523 1149 1575 Pis.
1176 1523 1309 1576 Hex.
1337 1524 1406 1577 35
1422 1523 1548 1595 sq.)·

410 1604 510 1656 οὐκ
557 1601 627 1673 ἦν
673 1605 776 1674 γὰρ
826 1605 968 1667 εἰκὸς
1013 1606 1114 1673 τὴν
1152 1606 1339 1672 βάτοις
1377 1604 1736 1674 πεφυρμένην
1774 1614 1878 1669 ψυ-

1255 1688 1357 1755 χὴν
1397 1696 1675 1755 γεωργεῖν.

191 1768 659 1835 Πεντάμετρον
700 1764 758 1819 δὲ
800 1768 871 1829 ὡς
910 1769 1034 1820 τόδε

122 1873 164 1903 20
410 1850 576 1918 πάτερ
618 1848 915 1916 Λυκάμβα,
954 1857 1119 1901 ποῖον
1159 1847 1380 1919 ἐφράσω
1422 1851 1613 1917 λόγον;
1660 1851 1742 1911 τίς
1781 1851 1879 1912 σὰς

1254 1934 1514 2000 παρήειρε
1554 1930 1784 2000 φρένας;

199 2010 397 2064 Ἰστέον
437 2031 498 2080 γε
537 2013 647 2081 μὴν
687 2013 759 2073 ὡς
798 2019 960 2064 τοῦτο
994 2013 1054 2064 τὸ
1087 2013 1460 2081 πεντάμετρον
1492 2012 1732 2064 σπάνιόν
1763 2011 1876 2064 ἐστι

189 2094 280 2146 διὰ
333 2095 393 2146 τὸ
449 2094 520 2162 μὴ
576 2094 883 2160 βούλεσθαι
938 2094 1036 2146 τὸν
1092 2096 1291 2160 ἴαμβον
1338 2094 1497 2161 <έπὶ>
1551 2092 1721 2146 πλέον
1767 2102 1878 2145 τῶν

186 2175 478 2243 τριάκοντα
509 2174 542 2242 ἢ
576 2185 686 2227 τῶν
718 2175 1011 2243 τριάκοντα
1044 2175 1146 2227 δύο
1179 2176 1395 2243 χρόνων
1427 2173 1708 2237 αὔξεσθαι.
1759 2172 1876 2227 ἐπεὶ

121 2277 162 2309 25
189 2256 249 2308 δὲ
288 2259 550 2324 σπανίζει,
591 2256 722 2308 οὐδὲ
760 2257 884 2324 περὶ
924 2266 1035 2308 τῶν
1074 2255 1397 2309 ἀποθέσει-ον
1430 2255 1600 2308 αὐτοῦ
1633 2275 1684 2308 τι
1717 2259 1875 2324 φιλο-

188 2340 558 2406 τεχνήσασθαι
599 2337 1121 2407 ἐφιλοτιμησάμεθα.

284 2417 438 2471 ’Έστι
479 2419 542 2471 δέ
570 2438 621 2470 τι
654 2417 743 2470 καὶ
776 2419 956 2487 χωλὸν
990 2419 1263 2486 ἰαμβικόν,
1297 2417 1324 2470 ὃ
1357 2426 1456 2470 τοῦ
1490 2418 1669 2486 ὀρθοῦ
1700 2419 1875 2489 τούτῳ
1909 2428 2031 2482 (151)

190 2500 463 2570 διαφέρει·
525 2501 585 2552 τὸ
640 2497 740 2566 μὲν
795 2500 899 2566 γὰρ
956 2500 1134 2568 ὀρθὸν
1188 2501 1287 2567 τὴν
1341 2501 1658 2552 τελευταίαν
1711 2499 1875 2565 βάσιν

307 2630 332 2665 4
364 2621 490 2681 τόδε]
523 2621 658 2680 λόγον
682 2624 727 2665 Υ
745 2624 759 2678 ΙΙ
784 2627 808 2664 6
841 2620 966 2679 τόδε]
991 2621 1127 2679 λόγον
1151 2623 1198 2664 Y
1215 2624 1228 2678 ΙΙ
1256 2627 1306 2664 17
1334 2620 1457 2680 βάτῳ
1484 2620 1723 2678 Georgius,
1758 2619 1875 2675 φάτ-

187 2699 272 2726 ταν
307 2684 352 2725 Y
377 2685 390 2738 ΙΙ
423 2688 538 2725 20—
543 2687 596 2724 23
632 2683 679 2725 Y
705 2681 840 2724 affert
869 2680 1183 2737 πεντάμετρον
1217 2679 1669 2755 βραχνκατάληκτον,
1702 2678 1875 2723 ἀκατά-

187 2744 352 2797 ληκτον
377 2744 450 2796 (=
478 2743 564 2797 20),
598 2738 950 2796 καταληπτικόν,
974 2742 1074 2782 tum
1105 2740 1260 2796 pergit
1284 2738 1687 2795 ὑπερκατάληκτον
1713 2737 1764 2781 δὲ
1790 2739 1874 2781 οὐκ

189 2799 324 2852 ἔστιν,
371 2797 487 2844 όπου
526 2800 605 2843 καὶ
647 2799 758 2843 αὐτὸ
790 2799 842 2842 τὸ
876 2798 1196 2854 ἀκατάληπτον
1230 2796 1550 2843 σπανιώτατόν
1584 2797 1674 2842 ἐστι
1710 2797 1790 2841 διὰ
1821 2797 1872 2840 τὸ

187 2858 246 2914 μὴ
280 2861 371 2901 κτλ.
405 2861 419 2914 ΙΙ
455 2863 510 2901 24
542 2858 722 2916 χρόνων
757 2859 810 2911 Υ,
843 2859 1079 2915 συλλαβῶν
1112 2859 1161 2901 Χ
1189 2859 1193 2914 Ι
1223 2857 1469 2915 αὔξεσθαι]
1503 2854 1785 2913 ἀνέρχεσθαι
1819 2856 1871 2909 Y,

187 2917 267 2972 qui
299 2931 426 2972 prox.
461 2920 616 2960 enunt
653 2932 739 2960 om.
