2090 3158
362 172 440 212 XI.
491 171 636 212 ΠΕΡΙ
666 170 928 212 ΙΩΝΙΚΟΤ
960 170 1084 211 ΤΟΤ
1116 170 1244 212 Ano
1277 170 1605 212 ΜΕΙΖΟΝΟΣ.
1758 169 1828 222 35

940 361 1030 415 XI.

418 484 578 553 Περὶ
621 484 892 536 ἰωνικοῦ
932 490 1047 535 τοῦ
1087 481 1208 535 ἀπὸ
1247 484 1560 549 μείζονος.

249 602 331 670 (1)
371 602 444 654 Τὸ
477 598 537 654 δὲ
570 601 675 654 ἀπὸ
714 603 960 668 μείζονος
993 601 1219 653 ἰωνικὸν
1251 586 1574 654 συντίθεται
1604 597 1707 667 μὲν
1738 602 1828 654 καὶ

137 685 414 753 καθαρόν,
470 686 793 735 συντίθεται
842 680 901 735 δὲ
948 683 1038 735 καὶ
1077 683 1215 751 πρὸς
1252 683 1348 744 τὰς
1386 683 1677 752 τροχαῑκὰς
1716 682 1828 735 ἐπί-

7 769 104 830 [67]
135 781 352 832 μικτον·
394 765 484 818 ὅτε
514 763 704 831 μέντοι
737 764 1113 832 ἀκατάληκτόν
1145 762 1276 832 ἐστι,
1310 766 1560 816 καθόλου
1586 767 1828 827 σπανίως
1852 783 1871 815 5

136 847 214 909 εἰς
259 847 360 916 τὴν
409 847 637 915 ἰωνικὴν
682 853 1003 915 περαιοῦται
1052 846 1145 897 διὰ
1192 846 1252 898 τὸ
1293 845 1505 914 ἀπρεπῆ
1547 841 1688 899 εἶναι
1727 847 1828 915 τὴν

137 929 366 996 ἰωνικὴν
406 926 492 980 ἐπὶ
532 927 725 990 τέλους
764 923 954 980 οὖσαν.

247 1010 332 1078 (2)
359 1008 515 1062 ’Ἐστι
543 1011 738 1062 τοίνυν
770 1008 1006 1078 ἐπίσημα
1030 1007 1091 1061 ἐν
1123 1015 1198 1080 τῷ
1234 1010 1437 1079 ἰωνικῷ
1478 1008 1826 1078 ἑφθημιμερῆ

49 1151 51 1154 .
133 1087 235 1158 μὲν
274 1092 339 1143 τὰ
378 1099 622 1159 τοιαῦτα,
663 1084 746 1153 οἷς
784 1091 817 1159 ἡ
865 1089 1158 1143 Τελέσιλλα
1198 1088 1280 1160 (1)
1323 1089 1606 1159 ἐχρήσατο,

638 1172 724 1225 ἅδ’
756 1171 1025 1242 ’Ἁρτεμις,
1065 1168 1106 1224 ὦ
1147 1174 1323 1242 κόραι,
1852 1191 1894 1222 10

636 1255 909 1323 φεύγοισα
947 1254 1045 1306 τὸν
1078 1251 1331 1322 Ἀλφεόν,

46 1346 101 1385 36
134 1337 223 1389 καὶ
256 1338 515 1405 ὃίμετρον
546 1335 922 1405 ἀκατάληκτον
953 1336 1014 1387 τὸ
1048 1336 1394 1401 καλούμενον
1435 1335 1826 1404 Κλεομάχειον,

133 1417 193 1470 ἑν
225 1411 270 1488 ᾦ
302 1419 391 1471 καὶ
417 1419 470 1470 οἱ
493 1419 758 1485 μολοσσοὶ
793 1416 880 1469 ἐπὶ
904 1426 1015 1469 τῶν
1040 1416 1247 1484 ἀρτίων
1279 1426 1474 1485 χωρῶν
1498 1415 1826 1483 ἐμπίπτουσι

0 1504 98 1565 [68]
134 1501 221 1552 καὶ
264 1501 315 1552 οἱ
357 1501 666 1568 χορίαμβοι,
707 1492 829 1551 οἷον
863 1497 1086 1569 (anthol.
1118 1498 1219 1565 lyr.
1252 1517 1302 1566 p.
1337 1495 1469 1564 504)

638 1582 719 1642 τίς
758 1585 858 1647 τὴν
897 1580 1098 1647 ὑδρίην
1130 1579 1284 1648 ἡμῶν
1851 1598 1891 1629 15

638 1659 893 1730 ἐψόφησ’;
934 1660 1038 1729 ἐγὼ
1080 1663 1275 1727 πίνων,
1427 1718 1430 1721 Δ

132 1746 216 1811 (3)
245 1744 333 1796 καὶ
367 1746 623 1812 τρίμετρα
651 1743 1138 1812 βραχυκατάληκτα
1161 1743 1227 1794 τὰ
1252 1743 1562 1808 καλούμενα
1589 1742 1827 1810 Πραξίλ-

133 1828 266 1893 λεια,
300 1824 333 1877 ἃ
372 1826 472 1893 τὴν
510 1821 613 1890 μὲν
650 1826 874 1893 πρώτην
912 1821 1021 1893 ἔχει
1057 1825 1301 1892 ῑωνικήν,
1334 1825 1435 1892 τὴν
1468 1820 1527 1876 δὲ
1561 1822 1827 1892 δευτέραν

132 1907 444 1975 τροχαϊκήν,
486 1899 576 1959 οἷά
616 1905 729 1958 ε’στι
770 1907 835 1958 τὰ
873 1913 1100 1958 τοιαῦτα
1141 1909 1413 1973 Σαπφοῦς
1453 1902 1572 1976 (53)

486 1991 696 2057 πλήρης
734 1985 836 2054 μὲν
876 1985 1114 2056 ἐφαίνετ’
1163 1986 1196 2038 ἀ
1237 1987 1460 2038 σελάνα·
1849 2007 1892 2039 20

487 2070 542 2122 αἱ
584 2068 631 2122 δ’
679 2070 752 2132 ὡς
790 2069 914 2137 περὶ
952 2069 1141 2137 βωμὸν
1180 2067 1520 2135 ἐστάθησαν·

132 2151 196 2201 τὰ
236 2147 295 2202 δὲ
337 2154 594 2219 τρίμετρα
635 2150 978 2219 ἀκατάληκτα
1025 2151 1190 2218 διχῶς
1237 2148 1551 2202 συνέθεσαν
1598 2150 1648 2201 οἱ
1691 2150 1823 2201 Αἰο-

134 2234 264 2294 λεῖς·
305 2233 370 2284 τὰ
407 2229 509 2299 μὲν
550 2234 651 2301 γὰρ
694 2231 751 2284 ἐκ
793 2233 895 2284 δύο
939 2233 1178 2284 ῑωνικῶν
1218 2231 1305 2283 καὶ
1346 2237 1637 2299 τροχαϊκῆς
1677 2229 1823 2282 ἐποί-

134 2327 289 2381 ησαν,
329 2306 452 2366 οἷον
492 2312 714 2384 (Sapph.
749 2313 843 2383 54)

252 2493 364 2531 3-7
407 2488 557 2532 Tract.
593 2489 719 2531 Harl.
762 2488 907 2544 (Dem.
943 2488 1099 2544 Triel.>
1131 2503 1172 2544 p.
1201 2494 1278 2541 24,
1315 2491 1488 2531 15—17
1543 2490 1557 2542 Η
1613 2491 1666 2529 12
1707 2486 1820 2528 Mar.

132 2546 251 2590 Vict.
279 2546 341 2589 VI
367 2553 437 2598 89,
465 2553 532 2591 31.
589 2548 692 2591 Mar
714 2548 832 2591 Plot.
859 2548 922 2590 VI
949 2552 1048 2601 540,
1084 2552 1136 2590 17
1169 2550 1184 2604 ΙΙ
1222 2551 1274 2590 17
1301 2547 1414 2590 Mar.
1434 2546 1554 2589 vict.
1578 2545 1636 2587 VI
1662 2550 1731 2598 91,
1750 2550 1820 2587 30.

132 2604 245 2650 Mar.
278 2606 396 2650 Plot.
423 2607 485 2649 VI
520 2611 618 2659 538,
645 2612 712 2650 20.
763 2606 932 2663 Oxyrh.
964 2621 1070 2663 pap.
1096 2606 1139 2649 II
1170 2622 1214 2663 p.
1241 2611 1297 2649 46
1332 2606 1415 2650 col.
1443 2605 1503 2648 IX

252 2751 277 2789 2
310 2748 414 2801 περὶ
446 2755 527 2791 τοῦ
560 2748 654 2791 ἀπὸ
688 2746 897 2803 μείζονος
921 2747 1110 2791 ἰωνικοῦ
1142 2748 1199 2803 [ΙΙ
1225 2752 1249 2789 3
1275 2745 1327 2790 δὲ
1357 2761 1444 2789 om.
1473 2747 1529 2790 H
1547 2748 1561 2802 ΙΙ
1588 2750 1640 2788 10
1674 2745 1735 2789 ἅδ
1760 2747 1821 2798 A,

135 2803 163 2845 ἁ
195 2801 240 2846 δ’
277 2806 310 2848 Ι
340 2809 354 2859 ΙΙ
391 2812 445 2850 14
479 2803 580 2850 οἷον
612 2821 697 2849 om.
734 2809 766 2849 Ι
801 2808 816 2862 11
860 2811 915 2848 20
949 2803 1158 2862 ἐφαίνετ’
1189 2797 1218 2849 ἀ
1245 2806 1346 2862 (sic)
1371 2807 1437 2858 A,
1471 2802 1679 2859 ἐφαίνετ’
1718 2803 1747 2847 ἁ
1779 2805 1820 2857 Ι,

135 2860 353 2917 ἐφαίνεθ’
393 2865 422 2908 ἁ
456 2867 512 2909 Η
564 2870 568 2921 Ι
628 2865 827 2910 σελάννα
867 2865 1021 2922 Bergk
1075 2867 1088 2921 ΙΙ
1143 2870 1195 2909 21
1239 2863 1297 2907 αἶ’
1322 2866 1363 2908 Α
1419 2866 1433 2919 ΙΙ
1488 2868 1542 2906 23
1575 2870 1822 2920 τροχαϊκῆς

138 2919 314 2976 βάσεως
345 2925 401 2967 Η

1495 2997 1550 3038 3*
