2060 3168
685 126 765 167 XI.
790 126 879 167 ΧΠ
908 126 1055 167 ΠΕΡΙ
1084 125 1302 168 nomm
1737 124 1842 177 331

150 258 423 328 τέσσαρες.
508 261 636 313 οὔτε
690 256 751 312 δὲ
804 261 983 328 ἥττων
1030 260 1372 327 δισυλλάβου
1421 261 1654 312 δύναται
1702 257 1846 314 εἶναι

148 343 291 403 ποὺς
312 340 594 410 <ἁπλοῦς>
617 371 691 378 -
716 340 984 404 σύνθεσις
1015 341 1119 410 γάρ
1153 339 1268 394 ἐστι
1301 343 1596 410 συλλαβῶν
1622 372 1682 379 -
1718 343 1847 395 οὔτε

147 423 347 491 μείζων
385 420 761 489 ἑξασυλλάβου
802 422 831 476 ὁ
873 423 1160 485 σύνθετος.

865 613 988 684 Cap.
1014 615 1131 668 XII.

579 737 950 788 Διονυσίου
989 735 1135 803 περὶ
1175 735 1411 787 ποδῶν.
1869 754 1888 787 5

259 851 300 904 I.
348 854 421 906 Τὸ
461 862 572 905 τῶν
610 854 803 906 ποδῶν
843 852 1137 922 ἐπώνυμον
1166 854 1422 906 τάσσεται
1457 853 1559 920 μὲν
1591 851 1679 906 ἐπὶ
1712 856 1843 905 πολ-

146 938 284 1003 λῶν,
346 935 616 1003 γράφεται
671 935 732 988 δὲ
787 933 874 988 ἐπὶ
930 934 1272 1004 ἀνθρώπων,
1335 935 1424 987 καὶ
1488 933 1575 987 ἐπὶ
1628 933 1845 1002 ἀλόγων

148 1017 301 1080 ζώων
353 1016 443 1069 καὶ
499 1014 586 1068 ἐπὶ
640 1017 916 1084 πηδαλίου
967 1018 1121 1085 νηός·
1176 1016 1266 1069 καὶ
1314 1015 1403 1069 ἐπὶ
1449 1023 1550 1068 τοῦ
1599 1014 1843 1084 ἀρμένου

146 1095 208 1150 δὲ
254 1098 425 1150 πόδια
473 1097 706 1166 λέγεται·
755 1097 956 1166 ὁμοίως
1002 1096 1092 1150 καὶ
1141 1096 1229 1150 ἐπὶ
1275 1107 1388 1150 τῶν
1428 1100 1631 1166 στίχων
1676 1098 1844 1159 πόδες

145 1178 418 1247 λέγονται.
1869 1199 1912 1232 10

259 1261 372 1312 Διὰ
433 1262 491 1312 τί
539 1259 857 1329 ἐκλήθησαν
909 1261 1098 1323 πόδες;
1162 1259 1254 1311 διὰ
1307 1259 1368 1311 τὸ
1423 1267 1519 1328 τῆς
1579 1261 1845 1328 κινήσεως

146 1342 439 1410 εὔρυθμόν
477 1361 534 1394 τε
582 1341 671 1394 καὶ
713 1340 1059 1410 ἐναρμόνιον.
1136 1341 1319 1408 ὥσπερ
1359 1342 1464 1410 γὰρ
1505 1342 1558 1394 οἱ
1596 1349 1698 1394 τοῦ
1739 1342 1843 1394 σώ-

143 1443 311 1490 ματος
356 1424 522 1485 πόδες
568 1423 824 1491 ἀλλήλοις
863 1423 1230 1489 ἀντικείμενοι
1269 1424 1372 1491 τὴν
1409 1425 1641 1493 πορείαν
1681 1423 1843 1493 ἀπερ-

146 1505 420 1573 γάζονται,
462 1504 607 1557 οὕτω
647 1505 738 1557 καὶ
778 1501 934 1558 οὗτοι
973 1505 1228 1572 ἀλλήλων
1264 1504 1711 1571 ἀντιταττόμενοι
1741 1506 1843 1574 τὴν

146 1585 284 1638 ὁδὸν
322 1594 422 1638 τοῦ
463 1588 632 1655 λόγου
667 1588 1075 1655 σχηματίζουσι,
1113 1586 1203 1638 καὶ
1235 1587 1404 1639 πάλιν
1435 1588 1842 1655 τροπικώτερον
1866 1606 1908 1640 15

145 1669 306 1737 βάσις
343 1670 902 1737 προσαγορευόμενοι.

250 1748 458 1803 Ἰστέον
511 1750 640 1819 γάρ,
700 1749 783 1802 ὅτι
838 1751 899 1803 τὸ
962 1750 1164 1818 μέτρον
1226 1753 1514 1818 προῆλθεν
1568 1748 1627 1802 ἐκ
1681 1755 1841 1817 θεοῦ,

144 1833 295 1884 καθὰ
342 1832 594 1884 δείκνυσι
643 1829 822 1902 μέτρῳ
868 1830 1221 1899 κοσμηθέντα
1267 1831 1334 1883 τά
1371 1850 1429 1884 τε
1468 1831 1703 1899 οὐράνια
1749 1829 1840 1883 καὶ

147 1911 379 1981 ἐπίγεια·
434 1913 500 1964 τὰ
554 1912 658 1980 γὰρ
712 1913 837 1981 περὶ
897 1914 1189 1980 Φημονόης
1242 1915 1424 1982 λῆρος.
1511 1914 1841 1981 κεκόσμηται

265 2086 290 2124 5
316 2081 365 2123 in
390 2094 496 2136 app.
523 2079 704 2124 Monac.
732 2080 849 2136 (cod.
875 2079 1228 2124 Leidens.Voss.
1247 2085 1324 2134 76;
1358 2079 1415 2123 cf.
1440 2079 1575 2123 Dion.
1595 2079 1702 2123 Thr.
1721 2079 1837 2123 XIX.

142 2139 292 2182 XXIV
320 2144 420 2195 124)
465 2139 542 2182 hic
585 2143 656 2183 est
698 2139 866 2184 titulus
910 2139 1041 2192 ἄξιος
1079 2139 1318 2184 αἰνεῖσθαι
1350 2139 1602 2191 Διονύσιος
1641 2137 1692 2189 ὃς
1728 2136 1835 2184 τάδ’

145 2199 351 2254 ἔγραψεν
394 2200 669 2251 ἀνθρώποις
712 2198 879 2254 ἐρατὴν
923 2198 1222 2254 δεικνύμενος
1265 2196 1456 2255 σοφίηνς
1503 2198 1553 2240 in
1596 2199 1681 2241 An.
1717 2198 1838 2242 Chis.

144 2258 254 2315 <AV
279 2259 381 2314 207>
427 2256 611 2316 σχόλιον
654 2259 721 2310 εἰς
762 2258 813 2302 τὸ
858 2258 963 2313 περὶ
1008 2259 1167 2302 ποδῶν
1211 2258 1446 2314 σύνθεμας
1493 2256 1549 2301 ef.
1582 2273 1626 2313 p.
1662 2261 1769 2310 334,
1798 2266 1837 2300 αἱ.

143 2317 324 2360 scholia
349 2330 448 2360 esse
469 2317 539 2419 fid
564 2317 738 2373 pedum
763 2317 1161 2360 enumerationem
1184 2332 1230 2373 p.
1257 2320 1573 2370 307—308‚12
1598 2316 1839 2373 perspexit

141 2376 364 2420 Hoersch.
390 2376 458 2419 Ld
543 2381 598 2419 23

265 2530 287 2567 1
322 2522 489 2582 ἥττων]
522 2519 660 2577 ἧττον
693 2524 842 2578 codd,
874 2523 1000 2567 idem
1031 2539 1075 2579 p.
1104 2528 1204 2578 332,
1223 2530 1248 2567 8
1292 2526 1298 2579 l
1342 2523 1630 2583 δισυλλάβων
1663 2524 1798 2568 codd.
1824 2526 1838 2580 ΙΙ

144 2589 169 2626 2
203 2582 380 2633 ἁπλοῦς
409 2583 546 2627 inser.
572 2582 791 2628 Hoersch.
826 2582 930 2626 coll.
960 2598 1005 2639 p.
1033 2588 1131 2636 332,
1152 2587 1176 2625 9
1202 2585 1216 2638 ΙΙ
1241 2588 1267 2626 3
1302 2583 1325 2627 ὁ
1358 2597 1446 2626 om.
1477 2583 1515 2640 Q
1537 2587 1551 2638 ΙΙ
1575 2589 1601 2626 5
1635 2596 1735 2639 cap.
1754 2582 1839 2626 XII

142 2643 214 2686 ed.
249 2656 305 2686 ex
330 2644 376 2687 P
396 2642 558 2700 (Paris.
584 2645 717 2699 2881)
750 2644 797 2686 et
828 2643 869 2686 Τ
895 2642 1011 2698 (cod.
1037 2642 1109 2685 Pii
1132 2642 1176 2685 H
1193 2647 1248 2686 47
1281 2643 1327 2685 in
1361 2642 1474 2686 bibl.
1500 2642 1838 2686 Alexandrino-

145 2701 319 2754 Vatic.;
345 2701 402 2745 cf.
421 2702 608 2746 AV162
624 2702 748 2758 adn.)
767 2704 780 2758 ΙΙ
800 2707 821 2744 7
849 2702 929 2744 καὶ
953 2701 1184 2758 γράφεται
1200 2704 1307 2757 (om.
1322 2702 1390 2757 δὲ)
1411 2701 1476 2777 Tfl
1492 2706 1517 2744 9
1544 2700 1793 2757 ὁμ.-332,
1810 2706 1835 2745 6

143 2774 232 2805 0111.
264 2774 370 2817 app.
397 2761 519 2805 Mon.
546 2764 560 2817 ΙΙ
587 2766 641 2803 14
673 2761 897 2818 ἀλλήλων]
930 2760 1142 2814 ἀλλήλοις
1172 2760 1392 2818 Egenolff
1414 2763 1420 2818 Ι
1449 2778 1509 2805 αν
1540 2775 1836 2816 παρατασσο-

145 2818 294 2875 μένων
325 2821 366 2864 Τ
391 2821 437 2876 (i.
465 2834 502 2864 e.
529 2821 942 2876 ἀντιπαρατασσ.ῗ)
967 2822 981 2875 ΙΙ
1008 2825 1060 2863 17
1086 2819 1158 2878 τὸ]
1191 2821 1393 2863 τοσούτω
1425 2820 1476 2864 τὸ
1509 2821 1550 2864 Τ
1567 2822 1582 2876 ΙΙ
1609 2824 1663 2864 18
1687 2819 1745 2863 τά
1768 2820 1835 2878 τε]

143 2879 275 2934 παρὰ
305 2878 363 2923 τὰ
394 2881 436 2923 Τ
