2060 3168
0 2416 108 2470 n94>

306 245 383 285 XI.
410 244 498 284 XII
529 245 674 285 ΠΕΡΙ
704 243 965 285 ΙῼΝΠζΟΤ
997 244 1122 286 ΤΟΤ
1153 239 1258 286 ΑΠ’
1285 245 1661 287 ΕΛΑΣΣΟΝΟΣ
1723 243 1832 297 245

144 378 332 446 χαϊκάς
387 379 653 440 διποδίας.
740 378 828 430 ὅτε
876 375 937 430 δὲ
991 378 1354 448 παραδέχεται
1407 380 1704 448 τροχαϊκὴν
1751 380 1832 433 δι-

142 459 361 526 ποδίαν,
393 459 499 528 πρὸ
534 467 628 527 τῆς
658 467 950 529 τροχαϊκῆς
982 461 1235 523 διποδίας
1258 458 1409 513 ἔστιν
1434 460 1462 514 ὁ
1487 461 1834 530 πεντάσημος

142 540 310 606 πούς,
364 539 616 593 τουτέστι
668 542 848 593 παίων
886 541 1093 609 τρίτος,
1149 541 1288 610 λέγω
1345 542 1567 610 δὴ,τὸν
1614 541 1673 595 ἐκ
1729 543 1832 594 δύο

143 623 416 690 βραχειῶν
454 620 544 674 καὶ
584 630 793 691 μακρᾶς
831 623 919 674 καὶ
963 624 1218 691 βραχείας
1258 625 1636 690 συγκείμενον.
1698 624 1731 691 ἡ
1773 624 1833 676 δὲ

142 703 400 771 τροχαῖκὴ
442 705 668 756 διποδία
708 703 841 756 ὅταν
879 705 1242 773 προτάττηται
1280 713 1375 773 τῆς
1416 707 1638 774 ἰωνικῆς
1678 706 1832 757 διπο-

144 784 286 852 δίας,
333 785 641 853 εὑρίσκεται
693 785 827 851 αὕτη
870 786 902 854 ἡ
942 787 1201 855 τροχαϊκὴ
1249 788 1474 839 διποδία
1514 785 1831 855 ἑπτάσημος.

143 863 255 935 (καὶ
312 865 577 935 ἑξάσημος
631 869 735 936 γάρ
792 867 965 935 ἐστιν,
1022 867 1117 920 ἐὰν
1164 865 1256 938 ἔχη
1305 869 1507 931 αὐτοὺς
1551 870 1682 931 τοὺς
1729 869 1832 921 δύο

143 950 434 1017 τροχαίους
472 950 778 1017 καθαρούς·
827 948 1050 1011 ἕκαστος
1090 951 1192 1017 γὰρ
1234 961 1487 1019 τροχαῖος
1527 949 1586 1003 ἐκ
1626 961 1834 1020 μακρᾶς

142 1031 231 1082 καὶ
271 1033 528 1099 βραχείας
568 1032 923 1099 συγκείμενος
962 1031 1221 1099 τρίσημός
1259 1029 1450 1102 ἐστιν.)
1528 1031 1834 1100 ἑπτάσημος

144 1109 204 1164 δὲ
244 1114 471 1181 γίνεται,
511 1114 612 1181 τὴν
650 1113 968 1164 τελευταίαν
1009 1109 1285 1182 ἐκτείνων,
1325 1112 1574 1166 τουτέστι
1613 1114 1715 1181 τὴν
1754 1133 1833 1165 τε-

142 1193 345 1263 τάρτην
385 1197 684 1263 συλλαβήν,
723 1194 815 1246 καὶ
854 1203 1000 1247 ποιεῖ
1029 1195 1128 1248 τὸν
1160 1193 1219 1247 ἐκ
1250 1195 1510 1262 τροχαίου
1543 1194 1633 1246 καὶ
1667 1207 1834 1246 σπον-

144 1275 299 1327 δειόυ
341 1278 704 1345 συγκείμενον
744 1277 1006 1343 δεύτερον
1039 1275 1335 1343 ἐπίτριτον,
1368 1273 1466 1346 (ὡς
1496 1276 1833 1344 προείρηται,

143 1357 231 1408 ὅτε
270 1358 342 1425 μὴ
385 1359 538 1425 λήγει
579 1359 656 1420 εἰς
694 1358 754 1410 τὸ
794 1357 948 1420 τέλος
986 1365 1085 1411 τοῦ
1118 1357 1320 1427 μέτρου
1354 1357 1490 1424 αὐτὴ
1523 1357 1555 1424 ἡ
1591 1356 1834 1424 διποδιά,

143 1437 261 1490 ἀλλ’
301 1442 408 1507 ἔχει
451 1441 676 1492 ἰωνικὸν
718 1437 1100 1510 ἐπαγόμενον,)
1141 1433 1261 1492 οἷον
1303 1436 1414 1508 (39,
1442 1435 1534 1507 11)

292 1520 396 1572 ἄπο
437 1540 529 1588 μοι
569 1526 769 1574 θανεῖν
807 1519 1030 1588 γένοιτ’·
1071 1520 1136 1573 οὐ
1179 1522 1282 1588 γὰρ
1324 1519 1394 1572 ἂν
1434 1521 1587 1588 ἄλλη.

143 1599 258 1654 ἔστι
298 1602 401 1669 γὰρ
441 1608 604 1654 τοῦτο
643 1604 933 1671 τρίμετρον
973 1601 1347 1670 ἀκατάληκτον
1384 1598 1514 1670 ἔχον
1551 1602 1651 1654 τὸν
1687 1611 1834 1671 πρῶ-

143 1703 242 1734 τον
289 1683 433 1735 πόδα
479 1691 694 1734 παιῶνα
740 1684 929 1751 τρίτον
967 1684 1065 1736 τὸν
1110 1684 1510 1752 πεντάχρονον,
1558 1677 1672 1736 εἶτα
1711 1703 1834 1754 τρο-

143 1764 338 1832 χαῑκὴν
393 1762 706 1831 ἑπτάσημον
759 1765 858 1817 τὸν
912 1764 1002 1818 καὶ
1059 1766 1322 1834 δεύτερον
1378 1764 1681 1834 ἐπίτριτον,
1743 1763 1832 1817 καὶ

147 1845 374 1898 ι’ωνικὸν
413 1843 504 1897 ἀπ’
536 1843 847 1908 ἐλάσσονος.
919 1847 993 1898 Τὰ
1034 1843 1093 1899 δὲ
1135 1844 1271 1915 ἑξῆς,
1311 1847 1344 1898 ἄ
1377 1860 1531 1915 φησι,
1570 1847 1832 1916 πρόδηλα.

254 1925 363 1997 (38,
385 1925 476 1996 13)
511 1927 685 1979 Τοῦτο
728 1929 906 1992 μέντοι
940 1930 1025 1980 καὶ
1056 1930 1438 1993 γαλλιαμβικὸν
1473 1930 1556 1980 καὶ
1590 1947 1832 1998 μητρῳα-

141 2010 236 2061 κὸν
278 2010 362 2060 καὶ
404 2008 859 2072 ἀνακλώμενον..
888 2052 896 2061 .
926 2010 1132 2074 ἐκλήθη.
1175 2041 1244 2047 ——
1291 2010 1341 2063 U

252 2091 327 2142 Τὸ
370 2092 550 2154 μέντοι
592 2092 907 2160 μητρῳακὸν
940 2094 1024 2143 καὶ
1057 2093 1438 2156 γαλλιαμβικὸν
1472 2093 1556 2144 καὶ
1590 2092 1831 2144 ἀνακλώ-

142 2189 304 2235 μενον
361 2172 552 2236 ἐκλήθη
611 2173 697 2224 διὰ
743 2173 805 2224 τὸ
862 2173 1039 2224 πολλὰ
1093 2174 1220 2225 τού(
1267 2174 1565 2237 νεωτέρου(
1615 2173 1687 2226 εἰ(
1735 2176 1832 2237 τὴν

142 2254 340 2317 μητέρα
394 2257 504 2305 τῶν
561 2258 699 2306 Θεῶν
755 2254 958 2318 γράψαι
1013 2255 1188 2323 τούτῳ
1237 2260 1312 2323 τῷ
1369 2255 1565 2324 μέτρῳ·
1621 2253 1712 2307 καὶ
1767 2255 1833 2306 τὰ

145 2332 277 2401 ἑξῆς·
317 2365 390 2370 -
429 2333 494 2384 Κ

256 2413 452 2467 Ἰστέον
492 2415 575 2467 ὅτι
616 2423 779 2467 τοῦτο
812 2415 871 2467 τὸ
906 2413 994 2467 απ’
1029 2415 1328 2478 ἐλάσσονος
1363 2417 1587 2469 ι’ωνικὸν
1620 2416 1831 2484 λέγεται

142 2495 533 2563 ἀνακλώμενον
587 2495 676 2549 καὶ
735 2497 1061 2568 μητρῳακὸν
1122 2496 1211 2550 καὶ
1267 2499 1663 2566 γαλλιαμβικὸν
1727 2497 1831 2550 ἀπὸ

262 2645 286 2684 3
319 2639 506 2686 παίωνα
538 2639 695 2697 τρίτον
728 2642 771 2685 U
809 2644 814 2698 ξ
858 2641 936 2700 δη]
970 2642 1019 2686 δὲ
1054 2644 1108 2686 Κ
1138 2644 1143 2700 Ι
1179 2643 1278 2701 τὸν]
1311 2643 1362 2686 τὸ
1399 2645 1449 2697 U
1482 2642 1505 2685 ὁ
1540 2644 1594 2686 Κ
1620 2645 1633 2699 Η
1666 2648 1691 2686 4
1725 2657 1832 2698 συγ-

140 2697 354 2754 κείμενον
388 2715 474 2744 0111.
503 2702 557 2744 K
590 2703 603 2756 Η
645 2707 668 2744 ὅ
702 2677 1003 2755 προτάττεται
1037 2702 1080 2746 U
1117 2704 1130 2758 ΙΙ
1170 2707 1194 2745 6
1230 2716 1289 2745 an
1322 2702 1349 2758 ἡ
1382 2719 1602 2760 τροχαικη
1637 2700 1832 2745 διποδία

142 2759 369 2803 delenda?
393 2762 408 2815 ss
433 2764 458 2803 8
483 2762 759 2818 τροχαικοὺς
781 2761 823 2803 U
843 2763 856 2816 ΙΙ
884 2765 936 2803 16
962 2767 1096 2805 τοῦτο
1123 2775 1209 2804 0111.
1230 2762 1273 2805 U
1296 2762 1301 2819 Ι
1333 2761 1434 2818 ε’·χοι
1452 2762 1552 2819 τὸν]
1580 2761 1744 2818 ἔχοντα
1770 2763 1825 2806 U

140 2816 220 2861 ἕνα
255 2820 362 2861 ante
395 2826 577 2874 πρῶτον
610 2819 717 2862 add
745 2821 798 2863 K
840 2822 853 2875 Η
904 2825 956 2862 17
990 2820 1071 2863 τὸν
1104 2834 1191 2864 0111.
1219 2821 1262 2864 U
1310 2823 1323 2877 ΙΙ
1380 2825 1434 2862 20
1468 2821 1715 2876 yamzanbv
1749 2821 1792 2864 U
1818 2823 1831 2878 Η

141 2881 194 2919 ’23
229 2877 423 2935 ἐκλήθη]
464 2880 671 2921 καλεῖται
703 2878 851 2934 Heph.
886 2879 965 2934 qui
1005 2879 1161 2935 pergib
1196 2878 1387 2934 υστερον
1421 2879 1470 2923 δὲ
1504 2880 1831 2935 ἀνακλώμειον

139 2935 334 2992 ἐκλήθης
367 2936 529 2992 itaque
555 2939 662 2980 ante
689 2936 901 2993 ἐκλήθη
889 2953 938 2980 111
967 2939 1010 2983 U
1027 2939 1210 2982 videtur
1234 2939 1403 2982 lacuna
1430 2952 1527 2982 esse
1555 2939 1834 2995 statuendam

139 2998 193 3036 26
227 3001 361 3038 τοῦτο
395 3009 480 3038 0111.
509 2997 551 3039 U
578 2998 669 3052 {127
704 2997 985 3053 ἀγαλλιακὸν
1019 2998 1062 3041 L

1858 1134 1900 1166 10

1859 1540 1901 1572 15

1859 1949 1902 1980 20

1857 2356 1899 2389 25
