2060 3168
763 175 848 215 xx
879 175 1023 215 ΠΕΡΙ
1054 173 1269 215 nomn
1752 171 1861 224 303

171 307 262 361 καὶ
310 311 591 377 βραχειας,
638 306 693 372 ἐξ
737 309 937 376 ἰάμβου
984 308 1074 360 καὶ
1113 309 1373 376 τροχαίου
1413 310 1792 376 συγκείμενος,
1832 306 1860 360 6

171 390 263 442 καὶ
302 390 664 452 σπονδειακὸς
701 387 792 441 καὶ
830 391 1084 458 βακχεῖος
1120 389 1258 441 κατὰ
1290 391 1502 458 ἴαμβον.
1537 420 1606 426 ——
1631 387 1862 457 Ὄγδοος

172 470 201 524 6
249 472 628 540 χορίαμβος,
682 470 1055 537 ἀντικείμενος
1099 471 1302 542 τούτῳ,
1358 469 1415 523 ἐκ
1467 478 1701 538 μακρᾶς,
1757 471 1860 523 δύο

170 554 445 621 βραχειῶν
482 552 571 604 καὶ
611 560 838 620 μακρᾶς,
891 551 948 604 ἐκ
987 560 1099 604 τῶν
1138 551 1321 603 αὐτῶν
1359 551 1550 603 ποδῶν
1589 550 1862 603 ἀναπαλιν

171 637 549 702 συγκείμενος·
597 633 625 686 6
664 635 755 686 καὶ
794 634 1019 695 κύκλιος
1058 631 1089 700 ἢ
1129 632 1493 701 ὑποβάκχειος
1528 631 1562 700 ἢ
1603 630 1692 684 καὶ
1731 634 1861 699 βακ-

171 724 316 784 χεῖος
361 716 497 767 κατὰ
543 724 816 784 τροχαῖον.
858 746 926 751 -
961 713 1189 782 Ἐφεξῆς
1230 711 1289 766 δὲ
1327 714 1540 766 τούτων
1580 715 1633 766 οὶ
1671 712 1861 766 τέσσα-

171 797 262 866 ρές
293 798 400 850 εἰσι
431 806 675 850 παιῶνε
686 817 735 862 ς,
768 803 935 868 κοινῷ
961 796 1062 862 μὲν
1086 795 1314 861 ὀνόματι
1340 795 1484 847 οὕτω
1509 795 1860 862 καλούμενοι,

168 881 303 947 μίαν
341 875 399 931 δὲ
441 881 617 947 μόνον
656 878 939 946 συλλαβὴν
977 875 1194 946 ἔχοντες
1233 875 1458 939 ἕκαστος
1496 877 1728 945 μακράν,
1767 878 1862 939 τὰς

170 956 230 1012 δὲ
294 960 488 1022 λοιπὰς
541 966 687 1028 τρεῖς
744 962 1012 1028 βραχείας.
1105 957 1529 1027 περιερχομένης
1582 958 1713 1026 <ὃὲ>
1766 965 1860 1026 τῆς

168 1049 378 1110 μακρᾶς
416 1042 511 1103 τὰς
547 1040 816 1108 τέσσαρας
846 1041 1048 1093 τούτου
1082 1041 1259 1109 χώρας
1292 1038 1706 1093 διαστέλλονται
1739 1039 1859 1093 ἕκα-

170 1135 297 1184 στος
335 1129 409 1195 τῷ
442 1131 656 1190 πρῶτος
697 1122 958 1190 λέγεσθαι
997 1123 1086 1174 καὶ
1128 1122 1380 1190 δεύτερος
1417 1120 1508 1174 καὶ
1547 1123 1731 1190 τρίτος
1769 1120 1859 1174 καὶ

169 1203 435 1271 τέταρτος.
508 1200 664 1256 ’Έστι
717 1206 914 1256 τοίνυν
966 1212 1180 1271 πρῶτος
1234 1204 1414 1255 παιὼν
1461 1203 1489 1256 6
1538 1201 1597 1256 ἐκ
1650 1212 1860 1270 μακρᾶς

167 1283 257 1338 καὶ
297 1295 468 1354 τριῶν
506 1288 779 1354 βραχειῶν
818 1286 1193 1353 συγκείμενος,
1234 1284 1262 1337 6
1302 1283 1391 1337 καὶ
1431 1286 1729 1347 παιωνικὸς
1769 1286 1861 1337 διὰ

167 1368 228 1420 τὸ
275 1365 337 1419 ἐν
383 1376 498 1428 τοῖς
544 1376 783 1419 παιῶσιν
821 1366 1018 1435 ὕμνοις
1057 1366 1600 1435 παραλαμβάνεσθαι.
1678 1367 1859 1419 δεύτε-

169 1468 264 1518 ρος
296 1447 324 1500 6
359 1447 417 1501 ἐκ
456 1450 711 1518 βραχείας
749 1446 839 1500 καὶ
879 1456 1088 1517 μακρᾶς
1119 1449 1210 1500 καὶ
1243 1448 1345 1500 δύο
1377 1451 1667 1516 βραχειῶν,
1709 1446 1736 1500 ὁ
1770 1448 1858 1500 καὶ

169 1530 478 1596 σύμβλητος
524 1528 614 1582 καὶ
661 1531 986 1598 κουρητικὸς
1033 1531 1349 1598 λεγόμενος,
1399 1530 1492 1581 διὰ
1538 1530 1638 1597 τὴν
1686 1528 1860 1596 αὐτὴν

167 1612 363 1663 αἰτίαν.
440 1612 623 1678 τρίτος
671 1609 699 1663 6
748 1608 807 1663 ἐκ
855 1611 957 1663 δύο
1003 1613 1292 1679 βραχειῶν,
1340 1618 1548 1679 μακρᾶς
1595 1608 1686 1662 καὶ
1725 1612 1859 1677 βρα-

166 1694 338 1761 χείας,
394 1692 422 1744 6
477 1690 566 1744 καὶ
624 1692 916 1759 διδυμαῖος
968 1691 1000 1760 ἢ
1056 1693 1384 1760 κουρητικὸς
1437 1691 1469 1758 ἢ
1518 1692 1780 1760 δελφικὸς
1825 1691 1856 1759 ἣ

167 1774 408 1842 δρόμιος.
486 1772 739 1841 τέταρτος
786 1772 814 1825 6
862 1772 920 1826 ἐκ
967 1782 1138 1842 τριῶν
1184 1776 1456 1842 βραχειῶν
1503 1771 1593 1825 καὶ
1632 1780 1857 1841 μακρᾶς,

0 1853 134 1930 {(136)
167 1854 195 1907 6
237 1853 326 1907 καὶ
366 1854 806 1923 ὑπορχηματικὸς
844 1854 934 1907 καὶ
973 1857 1241 1923 κρητικός.
1287 1886 1349 1892 -
1386 1853 1613 1921 Ὁμοίως
1643 1855 1858 1917 τούτοις

0 1942 5 2005 f'

166 1933 354 2004 ἔχουσι
403 1936 492 1988 καὶ
534 1937 587 1988 οἱ
634 1937 968 2004 καλούμενοι
1008 1936 1356 2004 ἐπίτριτοι,
1404 1935 1663 2005 τέσσαρες
1702 1938 1858 1998 ὄντες

166 2018 254 2070 καὶ
296 2013 466 2085 οὗτοι,
508 2015 596 2069 καὶ
638 2016 863 2079 ἕκαστος
894 2027 1038 2084 τρεῖς
1069 2018 1278 2086 μακρὰς
1309 2018 1400 2069 καὶ
1431 2020 1564 2086 μιάν
1594 2019 1857 2086 βραχεῖαν

165 2095 401 2167 ἔχοντες·
447 2098 871 2200 περιερχομένης
912 2099 973 2151 δὲ
1012 2098 1102 2151 καὶ
1144 2097 1204 2151 ἐν
1243 2099 1432 2161 αὐτοῖς
1469 2106 1564 2166 τῆς
1602 2101 1857 2167 βραχείας

166 2182 442 2248 συλλαβῆς
488 2181 623 2232 κατα
670 2181 770 2248 τὴν
816 2179 983 2233 θέσιν
1028 2180 1196 2249 αὐτῆς
1235 2180 1647 2233 ὁιαστέλλονται
1696 2179 1856 2248 ἀλλή-

165 2264 278 2313 λων
324 2267 398 2332 τῷ
439 2281 495 2314 τε
542 2270 757 2327 πρῶτος
804 2261 1064 2330 λέγεσθαι
1112 2260 1201 2314 καὶ
1250 2262 1505 2329 δεύτερος
1543 2260 1633 2314 καὶ
1674 2265 1855 2329 τρίτος

164 2342 255 2393 καὶ
293 2341 561 2409 τέ.ταρτος
626 2339 817 2394 ’Έστιν
858 2347 962 2395 οὐν
1000 2352 1215 2411 πρῶτος
1251 2342 1522 2411 ἐπίτριτος
1555 2342 1583 2394 ὁ
1626 2341 1684 2394 ἐκ
1722 2344 1855 2440 βρα-

164 2425 313 2490 χειάς
358 2422 449 2475 καὶ
495 2432 664 2492 τριῶν
711 2433 956 2493 μακρῶν,
1005 2423 1033 2476 6
1079 2423 1171 2476 καὶ
1218 2424 1435 2486 ἴππειος
1480 2423 1513 2491 ἢ
1562 2425 1783 2493 καρικὸς
1822 2423 1853 2491 ἢ

166 2504 412 2572 δόχμιος·
468 2506 724 2573 δεύτερος
765 2505 793 2557 ὁ
836 2503 893 2556 ἐκ
939 2513 1147 2574 μακρᾶς
1193 2503 1284 2557 καὶ
1325 2507 1582 2573 βραχείας
1621 2505 1709 2557 καὶ
1751 2505 1853 2557 δύο

163 2595 412 2653 μακρῶν·
443 2588 626 2653 τρίτος
658 2585 686 2638 ὁ
720 2584 779 2638 ἐκ
812 2587 914 2638 δύο
947 2596 1188 2655 μακρῶν,
1221 2589 1477 2656 βραχείας
1509 2586 1597 2638 καὶ
1628 2594 1854 2655 μακρᾶς,

1884 1059 1927 1091 10

1883 1465 1924 1498 15

1882 1874 1924 1906 20

1880 2281 1921 2313 25

166 2665 194 2718 6
247 2667 337 2718 καὶ
387 2668 706 2734 παροδικός·
760 2666 1016 2736 τέταρτος
1068 2667 1097 2720 ὁ
1153 2666 1211 2720 ἐκ
1265 2677 1435 2736 τριῶν
1487 2676 1714 2736 μακρῶν
1763 2666 1852 2719 καὶ
1877 2688 1921 2720 30

166 2749 437 2815 βραχείας,
478 2747 506 2799 6
546 2748 634 2799 καὶ
674 2751 992 2816 μονογενής.

286 2868 311 2906 8
359 2861 503 2918 μόνον
551 2863 780 2920 συλλαβὴν
820 2864 1062 2915 Hoersch.,
1110 2864 1456 2921 μονοσύλλαβον
1498 2865 1545 2907 Υ
1590 2866 1604 2919 ΙΙ
1662 2869 1715 2906 14
1758 2871 1854 2915 τοῖς

166 2934 255 2964 om.
280 2921 307 2963 k
330 2923 345 2977 ΙΙ
373 2926 426 2964 16
459 2923 732 2978 κουρητικὸς
764 2924 850 2966 An.
876 2923 1049 2975 Ambr.‚
1083 2922 1297 2979 κρητικός
1331 2924 1376 2966 Y
1401 2925 1448 2966 et
1480 2922 1640 2966 Choer.
