2060 3168
118 395 171 435 71

654 193 732 234 VI.
749 192 838 234 vn
867 192 1011 233 ΠΕΡΙ
1041 191 1442 234 AAKTTAIKOT
1785 190 1891 242 231

917 384 1042 455 Cap.
1066 383 1186 438 VH.

742 502 904 573 Περὶ
945 505 1360 557 δακτυλικοῦ.

317 623 392 676 Τὸ
448 623 764 676 δακτυλικὸν
820 624 1029 688 δέχεται
1092 623 1388 675 δακτύλους
1421 621 1528 674 ’καὶ
1582 624 1898 675 ςπονδείους

205 706 340 758 κατὰ
378 708 553 757 πᾶςαν
594 705 778 768 χώραν
817 706 958 768 πλὴν
996 708 1089 768 τῆς
1123 705 1452 756 τελευταίας·
1493 705 1579 756 ἐπὶ
1609 705 1806 768 ταύτης
1838 707 1898 758 δὲ

206 788 251 840 εἰ
292 789 386 852 μὲν
428 786 798 849 ἀκατάληκτον
839 785 933 849 εἴη,
974 785 1239 837 δάκτυλον
1281 786 1404 838 ἕξει·
1444 785 1535 836 καὶ
1568 783 1702 852 ἑξῆς.
1737 816 1811 822 ——
1853 785 1901 840 U
1943 806 1964 839 5

317 869 393 920 Τὸ
448 868 763 919 δακτυλικὸν
819 867 1028 930 δέχεται
1091 867 1386 918 δακτύλους
1440 868 1526 918 καὶ
1581 868 1895 920 ςπονδείους

205 951 341 1003 κατὰ
379 953 552 1001 πᾶςαν
594 950 776 1013 χώραν
815 949 956 1011 πλὴν
995 951 1087 1011 τῆς
1125 948 1453 1000 τελευταίας·
1495 949 1580 1000 ἐπὶ
1611 948 1805 1013 ταύτης
1838 950 1897 1000 δὲ

206 1031 250 1084 εἰ
291 1033 385 1095 μὲν
426 1030 794 1094 ἀκατάληκτον
836 1029 930 1094 εἴη,
971 1029 1236 1081 δάκτυλον
1278 1030 1379 1082 ἕξει
1418 1031 1449 1094 ἢ
1492 1030 1579 1081 διὰ
1617 1031 1714 1093 τὴν
1748 1029 1896 1082 ἀδιά-

205 1129 384 1178 φορον
424 1112 690 1176 κρητικόν·
745 1111 789 1163 εἰ
829 1113 888 1163 δὲ
927 1111 1323 1175 καταληκτικόν,
1364 1112 1430 1163 τὰ
1471 1110 1559 1163 ἀπ>
1602 1111 1768 1163 αὐτοῦ
1809 1129 1896 1175 με-

206 1194 471 1259 μειωμένα
517 1193 635 1257 ἤτοι
684 1196 914 1260 ςυλλαβῇ
962 1194 994 1257 ἢ
1043 1193 1141 1244 δύο
1189 1195 1486 1258 ςυλλαβαῑς.
1564 1194 1649 1244 καὶ
1690 1194 1753 1245 τὸ
1802 1195 1896 1256 μὲν

204 1276 586 1339 καταληκτικὸν
628 1274 700 1326 εἰς
741 1275 1029 1339 ςυλλαβήν,
1080 1275 1143 1326 τὸ
1185 1276 1243 1326 δὲ
1283 1275 1666 1339 καταληκτικὸν
1708 1274 1781 1326 εἰς
1822 1279 1896 1326 δι-

206 1358 492 1421 ςύλλαβον·
532 1356 624 1408 καὶ
662 1356 728 1407 τὰ
769 1354 901 1422 ἑξῆς.
944 1386 1011 1392 ——
1053 1357 1112 1407 K

317 1437 618 1504 Διαλαβὼν
656 1435 781 1505 περὶ
821 1446 933 1489 τῶν
982 1436 1333 1505 δισυλλάβων
1370 1435 1586 1505 μέτρων
1624 1443 1732 1489 νῦν
1773 1436 1898 1490 ἄκο-

208 1519 430 1581 λούθως
470 1519 499 1572 ὁ
533 1517 880 1586 (Ηφαιστίων
920 1516 1007 1570 ἐπὶ
1047 1519 1178 1580 τοὺς
1214 1520 1620 1586 τρισυλλάβους
1650 1517 1898 1587 μετέρχε-

206 1620 318 1668 ται,
370 1601 539 1653 πάλιν
588 1601 690 1652 δύο
730 1602 936 1668 μόνους
975 1598 1426 1662 ἀποτελεστικοὺς
1467 1601 1630 1661 ὄντας
1667 1598 1898 1667 μέτρων,

207 1682 347 1749 λέγω
389 1683 456 1749 δὴ
496 1682 595 1734 τὸν
644 1682 920 1734 δάκτυλον
966 1680 1055 1732 καὶ
1104 1681 1203 1733 τὸν
1241 1682 1416 1751 τούτῳ
1457 1681 1626 1734 πάλιν
1666 1681 1899 1734 ἀντικεί-

205 1782 376 1830 μενον
431 1763 781 1816 ἀνάπαιστον.
875 1763 966 1814 διὰ
1019 1770 1184 1814 τοῦτο
1243 1764 1347 1829 γὰρ
1402 1760 1492 1814 καὶ
1546 1765 1898 1831 προείπομεν,

207 1845 288 1897 ὅτι
322 1846 598 1910 εἰώθαμεν
631 1843 692 1897 ἐν
723 1852 839 1906 τοῖς
870 1843 1054 1911 γένεσι
1085 1851 1184 1896 τοῦ
1218 1846 1407 1912 στίχου
1442 1843 1644 1912 λέγειν·
1682 1843 1900 1912 εγένους

205 1925 307 1994 μέν
359 1926 473 1978 ἐστι
525 1926 795 1978 δυαδικοῦ
843 1926 1231 1994 τετρασήμου’,
1287 1924 1474 1994 ἐπειδὴ
1523 1925 1663 1978 ὀκτὼ
1719 1927 1898 1978 ὄντων

205 2017 316 2060 τῶν
362 2008 749 2075 τρισυλλάβων
795 2007 985 2059 ποδῶν
1025 2007 1128 2059 δύο
1168 2009 1330 2076 μόνοι
1370 2007 1512 2059 εἰσὶν
1552 2008 1603 2060 οἱ
1645 2006 1898 2060 ἀποτελε-

206 2087 381 2142 στικοὶ
422 2088 649 2157 μέτρων.

320 2164 457 2222 Εἶτα
506 2169 652 2237 λέγει
691 2170 860 2222 πάλιν
900 2178 1113 2237 σαφῶς,
1160 2171 1339 2223 πόθεν
1379 2170 1660 2237 σύγκειται
1699 2170 1760 2222 τὸ
1804 2171 1898 2222 δα-

206 2252 467 2304 κτυλικὸν
506 2251 725 2320 μέτρον,
765 2250 1015 2303 τουτέστι
1052 2252 1114 2303 τὸ
1153 2248 1295 2313 ἔπος.
1373 2249 1463 2303 καὶ
1503 2251 1768 2313 πολλάκις
1805 2249 1897 2303 καὶ

205 2342 368 2386 τοῦτο
407 2332 781 2402 προέγνωμεν,
823 2333 904 2384 ὅτι
944 2333 1143 2394 πάντες
1183 2334 1415 2400 δυνάμει
1457 2333 1721 2384 δάκτυλοί
1754 2334 1898 2384 εἰσιν

207 2415 260 2467 οἱ
309 2415 475 2477 πόδες
521 2421 620 2466 τοῦ
670 2415 874 2482 στίχου.
951 2412 1041 2466 καὶ
1089 2415 1192 2481 γὰρ
1240 2414 1329 2466 καὶ
1377 2412 1405 2466 ὁ
1454 2413 1816 2482 άμφίμακρος,
1866 2413 1895 2466 ὁ

206 2497 498 2564 λεγόμενος
545 2497 825 2564 κρητικός,
879 2495 969 2547 καὶ
1023 2496 1192 2548 πάλιν
1240 2495 1268 2547 ὁ
1324 2494 1750 2563 παλιμβάκχειος
1795 2495 1897 2563 τὴν

327 2646 380 2684 25
416 2641 587 2684 sch01.¹³
616 2640 713 2695 (lib.
740 2640 797 2690 V)
827 2644 893 2693 19,
915 2645 1049 2696 7sqq.
1107 2640 1248 2684 schol.
1282 2640 1331 2683 in
1363 2640 1499 2683 Dion.
1526 2639 1632 2684 Thr.
1661 2644 1761 2694 ⁶209,
1781 2644 1805 2683 3

326 2770 351 2808 8
385 2765 699 2822 ἀκατάληκτος
723 2767 777 2810 Κ
795 2769 809 2823 ΙΙ
837 2771 889 2809 13
921 2773 1012 2810 τῶν
1045 2781 1132 2810 om.
1162 2767 1236 2822 Ul}
1264 2771 1317 2809 14
1344 2765 1367 2809 ὁ
1387 2763 1677 2821 εΗφαιστίων
1702 2778 1790 2808 om.
1814 2766 1896 2842 Kli

210 2830 264 2868 16
303 2826 383 2869 τὸν
416 2828 518 2882 (pr.)
559 2828 605 2868 et
643 2825 783 2869 πάλιν
817 2839 903 2868 om.
939 2826 993 2868 K
1039 2827 1053 2881 ΙΙ
1109 2830 1162 2868 19
1204 2825 1452 2883 δυαδικοῦ]
1491 2827 1769 2868 δακτυλικοῦ
1803 2826 1858 2869 K
1883 2819 1896 2883 1}

209 2888 264 2927 20
297 2892 387 2927 τῶν
420 2898 507 2927 om.
534 2885 576 2928 U
608 2890 612 2939 Ι
650 2884 692 2928 οἱ
725 2898 812 2928 om.
848 2886 920 2939 Ul}
946 2889 1000 2928 23
1034 2885 1114 2928 καὶ
1138 2899 1226 2928 om.
1259 2885 1333 2940 UH
1358 2888 1532 2927 23—24
1566 2885 1645 2926 καὶ
1676 2883 1898 2935 πολλάκις

206 2941 503 3000 προέγυωμεν
534 2950 670 2986 τοῦτο
703 2944 782 2986 καὶ
815 2945 900 2999 ΚΗ
927 2948 980 2987 -25
1014 2945 1089 2986 καὶ
1124 2945 1260 3000 (post.
1294 2943 1342 2999 l.)
1375 2957 1462 2986 om.
1498 2944 1542 2987 U

1923 1213 1965 1246 10

1923 1621 1967 1654 15

1923 2028 1967 2060 20

1922 2434 1965 2466 25
