2060 3168
2002 270 2055 308 ν’»ε

277 322 474 375 Ἰστέον
523 321 581 375 δ’
628 321 712 374 ὅτι
758 320 1056 390 παρέλειψέ
1099 341 1222 374 τινα
1272 329 1371 374 τοῦ
1419 321 1848 376 ἀντισπαστικοῦ
1881 310 2053 400 (183);’”

160 404 363 472 μέτρου
412 404 440 457 ὁ
488 406 752 473 τεχνικός·
809 403 946 455 ἀλλὰ
994 403 1078 455 δεῖ
1126 402 1330 470 λέγειν,
1378 403 1449 465 ὡς
1495 403 1691 456 πολλοὶ
1737 413 1849 456 τῶν
1999 455 2037 478 f

161 487 343 537 ἄλλων
382 495 653 554 μετρικῶν
694 500 890 552 φασιν,
932 484 1014 536 ὅτι
1056 483 1267 551 δέχεται
1307 484 1407 536 τὸν
1445 493 1665 553 πρῶτον
1703 487 1847 537 πόδα
1999 480 2043 509 V

161 567 531 620 ἀντίσπαστον
570 566 602 634 ἢ
644 564 920 633 ἐπίτριτον
958 564 1234 634 τέταρτον,
1275 564 1559 617 τουτέστιν
1591 565 1648 618 ἐκ
1679 575 1849 632 τριῶν
1994 511 2060 662 Ι

117 656 386 716 5’μακρῶν
425 649 513 700 καὶ
553 656 679 714 μιᾶς
718 649 991 716 βραχείας,
1044 646 1075 714 ἢ
1116 655 1331 698 παιῶνα
1372 647 1650 714 δεύτερον,
1690 667 1848 699 τουτ-

161 729 311 781 έστιν
352 728 410 782 ἐκ
450 731 702 797 βραχείας
741 727 831 781 καὶ
871 736 1079 797 μακρᾶς
1114 726 1204 779 καὶ
1237 728 1340 780 δύο
1373 730 1661 796 βραχειῶν,
1701 727 1733 796 ἢ
1767 729 1847 780 δι-

159 813 418 879 τρόχαιον
460 808 517 862 ἐκ
557 817 766 878 μακρᾶς
805 810 895 861 καὶ
934 811 1192 878 βραχείας
1230 807 1320 861 καὶ
1353 817 1563 878 μακρᾶς
1594 810 1684 861 καὶ
1715 812 1847 879 βρα-

159 894 329 960 χείας,
377 893 471 953 τὰς
519 888 578 942 δὲ
624 891 789 956 μέσας
830 891 1252 952 ἀντισπαστικὰς
1291 889 1381 943 καὶ
1423 891 1698 958 ἰαμβικοές,
1745 893 1847 959 τὴν

161 970 220 1025 δὲ
260 975 580 1025 τελευταίαν
619 973 707 1024 ὅτε
747 970 898 1024 ἐστὶν
937 971 1310 1038 ἀκατάληκτον
1345 973 1619 1040 ἰαμβικήν,
1660 973 1748 1024 ὅτε
1786 973 1847 1026 δὲ

76 1077 134 1106 -1ο
159 1055 583 1122 καταληπτικὸν.
605 1052 751 1105 ..καὶ
784 1063 902 1116 ταῖς
936 1055 1212 1120 ἰαμβικαῖς
1245 1051 1516 1121 ἑπομένην
1548 1057 1844 1122 συζυγίαις.
1879 1064 1933 1103 76

278 1135 538 1205 Τρέπεται
581 1132 640 1188 δὲ
681 1135 708 1188 ὁ
749 1144 964 1203 πρῶτος
1013 1137 1151 1196 ποὺς
1197 1132 1351 1187 ἔστιν
1389 1134 1502 1201 ὅτε,
1543 1136 1614 1196 ὥς
1655 1149 1844 1203 φησιν,
1986 1176 2056 1211 ,Ἣ

159 1219 236 1278 εἰς
274 1219 339 1269 τὰ
378 1216 614 1284 τέσσαρα
654 1220 897 1285 σχήματα
942 1223 1042 1267 τοῦ
1083 1216 1448 1283 δισυλλάβου,
1497 1216 1668 1268 οἱονεὶ
1706 1235 1843 1284 πυρ-

159 1299 339 1366 ρίχιον
376 1299 467 1350 καὶ
507 1299 805 1351 σπονδεῖον
843 1295 933 1350 καὶ
977 1299 1177 1365 ἴαμβον
1214 1295 1304 1349 καὶ
1345 1306 1624 1366 τροχαῖον·
1675 1300 1844 1350 καθό-
1877 1297 2004 1360 (1841ι

159 1383 260 1430 λου
316 1381 418 1447 γὰρ
477 1381 673 1447 ἄλογός
728 1379 876 1431 ἐστιν
924 1378 952 1430 ὁ
1000 1388 1214 1447 πρῶτος
1267 1380 1406 1440 ποὺς
1459 1377 1549 1430 καὶ
1602 1379 1843 1442 ἄτακτος.

91 1482 131 1513 15
157 1458 271 1512 ἔστι
312 1460 372 1513 δ’
411 1461 500 1514 ὅτε
541 1460 704 1523 αὐτὸς
736 1460 764 1512 ὁ
797 1470 1011 1529 πρῶτος
1050 1461 1187 1522 ποὺς
1229 1461 1519 1521 σπονδεῖος
1559 1461 1636 1512 ὢν
1676 1461 1843 1513 δυνά-
1995 1512 1998 1515 ,

156 1561 244 1609 μει
293 1543 478 1595 λύεται
527 1543 603 1604 εἰς
650 1543 949 1610 δάκτυλον,
996 1549 1091 1609 τῆς
1131 1539 1389 1608 δευτέρας
1428 1544 1705 1609 συλλαβῆς
1742 1550 1843 1594 τοῦ
1978 1509 2060 1659 Ι

157 1625 453 1676 σπονδείου
511 1623 875 1692 διαλυομένης
930 1625 1007 1685 εἰς
1062 1623 1165 1674 δύο
1222 1624 1500 1690 βραχείας,
1555 1622 1586 1690 ἢ
1639 1622 1697 1675 ἐκ
1743 1631 1843 1676 τοῦ
2031 1655 2034 1656 ⁷

158 1703 412 1757 ἐναντίου
453 1707 531 1767 εἰς
571 1705 926 1772 ἀνάπαιστον,
975 1713 1068 1773 τῆς
1107 1705 1324 1772 πρώτης
1363 1707 1638 1773 συλλαβῆς
1674 1705 1844 1756 πάλιν

158 1785 541 1854 διαλυομένης·
591 1785 619 1838 ὁ
668 1783 727 1838 δὲ
775 1795 1028 1855 τροχαῖος
1075 1785 1164 1838 καὶ
1205 1785 1232 1838 ὁ
1275 1789 1468 1854 ἴαμβος
1508 1787 1585 1847 εἰς
1623 1788 1843 1854 τρίβρα-

91 1890 131 1920 20
157 1888 277 1935 χυν,
318 1876 412 1935 τῆς
449 1879 659 1935 μακρᾶς
699 1868 866 1920 πάλιν
906 1870 984 1929 εἰς
1023 1869 1125 1919 δύο
1166 1870 1423 1936 βραχείας
1456 1866 1840 1935 διαλυομένης·

157 1948 184 2000 ὁ
242 1950 343 2018 γὰρ
398 1953 687 2018 πυρρίχιος
743 1949 799 2001 ἐκ
855 1950 957 2002 δύο
1013 1952 1284 2018 βραχειῶν
1340 1950 1696 2015 συγκείμενος
1742 1949 1842 2001 οὐκ

157 2025 301 2098 εἶχεν
342 2033 417 2092 είς
458 2033 512 2083 τί
549 2031 892 2083 διαλύεσθαι.

267 2112 377 2180 (31,
405 2111 497 2182 20)
538 2113 659 2165 Ἐὰν
694 2115 752 2164 δὲ
786 2113 1130 2176 ἀναμίεγηται
1162 2116 1276 2164 ταῖς
1310 2112 1568 2176 ἰαμβικαῑε
1600 2112 1666 2163 τὰ
1699 2111 1839 2163 ἀντι-
1875 2121 1947 2173 (18

157 2194 428 2256 (παςτικά,
477 2195 540 2246 οὐ
590 2195 757 2258 μόνον
806 2195 913 2259 ἔχει
961 2197 1058 2258 τὴν
1104 2195 1323 2258 πρώτην
1364 2194 1609 2255 ευζυγίαν
1648 2211 1839 2257 τρεπο-

90 2295 130 2326 25
158 2278 319 2340 μένην
375 2277 509 2327 κατὰ
563 2277 659 2328 τὸν
713 2277 981 2340 πρότερον
1036 2276 1201 2336 πόδα,
1258 2274 1394 2326 ἀλλὰ
1448 2276 1532 2326 καὶ
1582 2276 1679 2338 τὴν
1726 2278 1840 2326 ταῖς

162 187 268 239 238
617 187 927 229 ΓΕΩΡΓΙΟΤ
957 188 1397 229 ΧΟΙΡΟΒΟΣΚΟΤ

1982 1418 1996 1452 ε,

275 2411 299 2448 5
333 2406 568 2463 δεύτερον]
603 2406 775 2449 schol.A
802 2410 899 2460 141,
926 2411 951 2449 5
998 2407 1012 2462 Η
1061 2409 1114 2448 10
1147 2404 1321 2448 schol.A
1348 2408 1488 2458 141‚7
1537 2406 1550 2460 Η
1599 2408 1651 2447 17
1685 2404 1742 2447 cf.
1775 2404 1837 2447 Io.

156 2464 306 2507 Tzetz.
332 2464 419 2508 AO
445 2465 508 2507 HI
533 2471 632 2519 312,
651 2470 706 2507 23

275 2588 299 2624 ⁴2
332 2581 558 2640 τεχνικός]
591 2582 801 2639 μετρικός
836 2584 908 2637 ΠΗ
935 2587 958 2624 3
994 2596 1138 2638 φασιν
1163 2596 1250 2625 om.
1278 2582 1354 2637 ΠΗ
1380 2586 1404 2624 5
1435 2581 1651 2635 δεύτερον
1678 2580 1836 2624 Choer.

157 2655 211 2683 ex
244 2642 432 2685 scholiis
465 2642 693 2698 corruptis
726 2643 944 2697 desump
936 2642 986 2683 113
1016 2655 1099 2696 pro
1123 2639 1279 2695 τρίτον
1304 2643 1316 2696 Η
1342 2644 1367 2682 8
1393 2641 1442 2684 δὲ
1468 2654 1555 2683 om.
1584 2641 1627 2684 U
1644 2642 1657 2695 Η
1683 2645 1706 2682 9
1735 2640 1838 2695 ἰαμ-

157 2700 291 2757 βικὴν
324 2715 378 2743 ex
411 2701 627 2758 ἰαμβικὸν
661 2714 772 2743 corr.
801 2702 862 2751 K,
896 2700 1113 2771 ἰαμβικὸν
1149 2701 1192 2744 U
1223 2702 1236 2755 Η
1279 2705 1331 2742 10
1363 2701 1471 2755 post
1502 2700 1839 2754 καταληπτικὸν

155 2759 290 2801 inser.
333 2762 550 2816 βακχεῖον
582 2760 790 2815 Westph.
852 2764 856 2812 l
919 2757 1144 2814 ἑπόμενον
1185 2759 1316 2802 codd
1373 2761 1386 2814 Η
1443 2763 1494 2800 12
1538 2757 1595 2800 τὰ
1635 2771 1720 2800 om.
1756 2759 1838 2814 ΠΗ

159 2823 257 2859 14
245 2818 330 2874 γὰρ
365 2818 387 2861 ὁ
421 2826 600 2872 πρῶτος
629 2820 747 2868 ποὺς
778 2818 885 2861 ἄλλό
912 2819 1003 2862 ἐστι
1030 2819 1114 2874 ΚΗ
1142 2822 1193 2860 19
1225 2817 1248 2861 ὁ
1277 2819 1376 2874 (pr.)
1404 2831 1490 2860 0111.
1515 2817 1558 2859 U
1576 2819 1589 2872 Η
1615 2822 1668 2859 22
1695 2813 1835 2874 εἶχεν]

157 2874 283 2919 εἶπεν
317 2878 358 2920 U
407 2880 420 2932 Η
476 2883 530 2921 25
563 2878 642 2921 τὸν
675 2876 901 2932 πρότερον
933 2877 1078 2935 πόδα]
1111 2878 1192 2921 τὸν
1223 2875 1349 2920 πόδα
1380 2876 1461 2919 τὸν
1494 2875 1711 2929 δεύτερον
1744 2877 1797 2919 K
1828 2876 1831 2912 Ι

154 2937 237 2990 την
271 2951 357 2979 om.
389 2938 442 2979 K
