2060 3168
633 147 688 189 v.
708 147 771 188 VI
802 147 946 187 ΠΕΡΙ
977 145 1370 188 ΣΤΝΙΖΗΣΕΩΣ
1733 145 1840 198 319

264 279 315 332 4.
358 280 596 349 Μακράν
637 276 698 333 δὲ
735 278 827 333 καὶ
865 282 1128 350 βραχεῖαν
1167 280 1227 332 τὸ
1267 279 1521 333 ἐναντίον

304 360 518 459 δαέρων
556 361 661 430 <ἢ>
702 363 921 429 γαλόων
961 359 1041 432 (Ω,
1067 358 1212 432 769).

155 441 238 495 ὅτι
279 439 339 495 δὲ
377 443 439 495 τὸ
480 463 513 495 α
551 445 764 513 μακρόν
802 441 933 511 ἐστι,
974 443 1146 512 δῆλον
1184 441 1244 496 ἐκ
1282 450 1382 496 τοῦ

305 523 443 592 δαὴρ
486 522 615 576 αὖτ’
654 523 779 591 ἐμός
820 522 898 595 (Γ
917 521 1076 595 180),

303 605 776 674 αὐτοκασίγνητον
814 606 904 658 καὶ
944 604 1112 674 δαέρα
1153 603 1226 675 (Ξ
1250 603 1393 676 156).
1888 627 1909 660 5

154 685 238 738 ὅτι
277 686 338 739 δὲ
376 687 437 739 τὸ

290 765 488 837 Έκτορ
529 767 638 840 ἐμῷ
679 774 846 840 θυμῷ
886 767 1100 837 δαέρων
1141 765 1218 838 (Ω
1244 765 1374 838 762)

153 847 386 901 δύναται
443 851 816 902 συνεστάλθαι
862 850 922 902 τὸ
969 851 1028 917 ἆ,
1083 849 1218 902 κατά
1273 851 1559 918 συνίζησιν
1610 849 1842 902 δύναται

153 930 244 982 καὶ
284 931 420 982 κατὰ
460 934 753 1000 συστολήν,
794 930 867 993 ὡς
904 929 992 984 ἐπὶ
1031 937 1131 983 τοῦ

303 1008 434 1064 οὐδὲ
473 1011 574 1078 μὲν
614 1009 744 1065 οὐδὲ
794 1015 980 1082 Τρῶας
1020 1011 1294 1080 ἀγήνορας
1332 1017 1515 1064 εἴασεν
1540 1009 1752 1080 ’Έκτωρ
1866 1034 1910 1067 10

152 1175 353 1308 ἕλογος
394 1176 633 1242 συστολὴ
674 1175 766 1227 διὰ
804 1175 864 1227 τὸ
904 1173 1128 1243 μέτρον·
1168 1091 1595 1242 ὡὲἷαῖῼὲλογος
1627 1177 1842 1237 ἕκτασις

179 1275 428 1432 νὶτᾳῳίλε
465 1340 759 1406 κασίγνητε
798 1335 877 1408 (Δ
906 1337 1009 1390 155
1035 1364 1091 1380 =
1122 1341 1173 1390 Φ
1196 1335 1328 1409 308)

150 1432 242 1464 και
1866 1434 1910 1468 15

301 1485 490 1555 ἀνέρες
530 1483 649 1539 ἐστὲ
691 1489 844 1555 φίλοι
885 1483 957 1555 (Ζ
986 1485 1090 1538 112
1123 1483 1292 1555 alibi).

151 1566 426 1620 ἐκτέταται
467 1568 571 1636 γὰρ
611 1565 701 1619 καὶ
740 1566 1101 1620 συνέσταλται

302 1647 362 1710 ὃς
402 1647 467 1701 δέ
501 1647 559 1701 κ’
597 1648 736 1718 ἀνὴρ
777 1647 1112 1718 μενέχαρμος
1151 1647 1224 1719 (Ξ
1245 1646 1377 1719 376)

151 1722 241 1775 καὶ

290 1789 434 1866 Ἄρες
461 1793 610 1866 Ἄρες
648 1795 976 1864 βροτολοιγέ
1010 1794 1087 1867 (Ε
1108 1795 1175 1849 31
1205 1823 1260 1837 =
1285 1793 1435 1866 455).
1863 1819 1910 1853 20

265 1879 313 1930 5.
353 1878 475 1930 Δύο
518 1875 578 1930 δὲ
617 1880 875 1947 βραχείας
914 1879 992 1939 εἰς
1030 1881 1163 1946 μιάν
1202 1880 1464 1946 βραχεῖαν

301 1958 486 2026 ἀστέρι
526 1959 782 2031 ὀπωρινῷ
818 1956 893 2029 (Ε
914 1957 992 2030 5),

299 2050 454 2109 χαῖρε
493 2037 554 2092 δὲ
593 2047 667 2112 τῷ
700 2043 891 2108 ὄρνιθι
925 2038 1208 2108 Ὀδυσεύς,
1255 2040 1424 2108 ἠρᾶτο
1466 2037 1526 2091 δ’
1563 2037 1763 2108 Ἀθήνῃ

263 2203 310 2255 6.
339 2202 492 2256 ’Έστι
534 2200 594 2256 δὲ
627 2201 717 2255 καὶ
750 2203 887 2255 ἄλλα
919 2204 1036 2270 εἴδη
1070 2205 1420 2271 συνιζήσεως·
1462 2204 1717 2271 βραχείας
1748 2200 1837 2254 καὶ
1863 2225 1907 2258 25

150 2291 359 2352 κοινῆς·

299 2364 511 2438 χρυσέῳ
553 2365 656 2418 ἀνὰ
696 2367 949 2437 σκήπτρῳ
991 2362 1068 2436 (A
1096 2364 1162 2418 15
1189 2392 1243 2406 =
1269 2363 1419 2435 374),

299 2446 539 2518 δενδρέῳ
581 2446 893 2516 ἐφεζόμενοι
936 2446 1014 2517 (Γ
1036 2444 1177 2516 152).

268 2597 323 2634 22
349 2591 404 2635 cf.
424 2592 638 2635 Eustath.
665 2593 723 2636 ad
741 2595 818 2636 ΑΙ
844 2607 888 2648 p.
907 2597 975 2645 12,
991 2596 1060 2645 29,
1086 2591 1146 2634 ad
1165 2594 1244 2636 Εἴ)
1269 2607 1313 2648 p.
1333 2595 1499 2645 514‚18
1517 2593 1531 2647 ΙΙ
1549 2596 1602 2634 23
1621 2591 1836 2635 Eustath.

151 2651 211 2695 ad
243 2654 287 2694 K
311 2656 394 2694 277
428 2666 471 2707 p.
500 2656 600 2705 805,
621 2656 673 2695 19

273 2780 295 2819 1
330 2783 509 2831 μακρᾶς
542 2779 588 2819 et
619 2774 837 2834 βραχείας
869 2776 999 2820 codd.
1037 2779 1051 2833 ΙΙ
1087 2781 1111 2819 2
1146 2774 1174 2832 ἢ
1207 2776 1350 2819 etiam
1382 2777 1430 2819 in
1463 2775 1633 2820 schol.B
1662 2777 1793 2820 deest
1822 2778 1838 2833 ΙΙ

150 2840 176 2878 4
209 2831 255 2878 δ’
286 2832 390 2878 αὖτ’
419 2837 472 2879 Κ
506 2838 520 2892 Η
559 2840 643 2878 Su
617 2835 736 2879 κατὰ
768 2849 851 2880 συν
825 2834 966 2891 νίζησι
955 2836 1020 2894 ιν]
1053 2836 1132 2879 καὶ
1165 2850 1248 2880 συν
1253 2834 1366 2891 ι’ζησι
1372 2854 1394 2887 ς
1425 2835 1556 2879 codd.
1589 2837 1603 2892 ΙΙ
1635 2840 1688 2879 21
1723 2837 1837 2893 βρα-

148 2909 217 2950 χει
221 2911 271 2937 αι
303 2895 357 2938 Κ
375 2895 389 2950 ΙΙ
414 2899 468 2937 23
503 2908 530 2937 a
561 2895 702 2938 verbo
736 2892 880 2951 ἤρατο
913 2895 1082 2951 incipit
1113 2897 1158 2939 P
1178 2897 1192 2951 ΙΙ
1217 2899 1272 2937 28
1305 2892 1577 2950 ἐφεζόμενος
1608 2897 1654 2939 Ρ
