2060 3168
581 178 663 219 110
694 177 839 217 ΠΕΡΙ
869 175 1105 217 ΚοΙΝΗΣ
1136 174 1478 215 ΣΤΑΛΑΒΗΣ
1771 171 1878 223 2οἸ

185 319 284 364 τοῦ
326 311 386 364 δὲ
424 312 454 362 ἱ
493 308 898 380 ἐπιφερομένου

333 393 466 459 μήτε
506 391 577 443 σύ
616 389 668 458 γ’
694 387 860 459 ’Άρηα
897 392 958 442 τό
998 409 1061 458 γε
1102 390 1314 443 δείδιθι
1356 387 1432 459 (Ε
1463 387 1619 459 827)-

188 473 639 536 διπλασιάζονται
681 468 742 524 δὲ
783 470 959 534 οὕτως

333 554 584 606 ἔδδεισεν
635 552 687 606 δ’
736 553 765 606 6
812 552 992 622 γέρων
1037 550 1128 604 καὶ
1176 549 1452 608 ἐπείθετο,
1475 551 1639 622 μύθῳ
1683 548 1759 622 (A
1795 551 1880 604 33.

1254 635 1308 685 Ω
1341 623 1493 700 571),
1928 656 1950 688 5

334 715 594 778 εἰωθότες
633 712 857 782 ἔδμεναι
898 715 1076 782 ἄδδην
1117 712 1193 785 (Ε
1223 713 1373 784 203),

334 795 536 849 ὁππότε
577 817 659 859 τις
696 797 830 865 μετὰ
868 796 1169 863 παυσωλὴν
1208 793 1290 866 (Τ
1314 793 1464 866 201),

333 875 633 946 ὁππότερος
696 877 761 930 δέ
818 897 878 930 κε
941 878 1137 947 νικήσῃ
1204 878 1475 946 κρείσσων
1537 896 1594 929 τε
1657 875 1880 945 γένηται

1256 955 1334 1028 (Γ
1361 958 1443 1010 71.
1479 958 1564 1010 92.
1605 973 1638 1010 σ
1663 956 1779 1029 46),

331 1037 515 1110 [ποσσὶ
558 1038 606 1092 δ’
646 1039 754 1092 ὑπὸ
795 1044 1114 1109 λιπαροῖσιν
1154 1037 1224 1110 (Β
1253 1038 1368 1110 44),
1904 1066 1948 1097 10

335 1122 450 1174 ὅττι
490 1141 574 1174 τοι
617 1119 677 1174 ἐν
717 1122 1043 1191 μεγάροισιν
1083 1119 1142 1190 (δ
1174 1119 1341 1190 392)].

97 1215 153 1254 54
171 1200 328 1256 ’Ἐστι
362 1199 422 1256 δὲ
456 1201 1055 1272 ἀνακεφαλαιώσασθαι
1086 1204 1217 1264 τοὺς
1250 1201 1381 1254 δέκα
1409 1204 1651 1270 τρόπους
1683 1202 1879 1265 οὕτως·

187 1284 216 1338 6
254 1291 352 1337 τοῦ
396 1285 552 1352 ἰῶτα,
597 1283 625 1337 ὁ
665 1292 760 1353 τῆς
799 1282 998 1349 ὀξείας,
1039 1284 1067 1336 ὁ
1106 1291 1201 1352 τῆς
1240 1282 1678 1353 περισπωμένης,
1719 1283 1747 1336 ὁ
1787 1293 1882 1352 τῆς

185 1367 424 1434 δασείας,
465 1365 493 1418 6
539 1374 635 1435 τῆς
679 1374 921 1435 στιγμῆς,
969 1365 997 1418 ὁ
1045 1374 1157 1418 τῶν
1197 1362 1256 1418 δ’
1293 1365 1664 1434 ἀμεταβόλων,
1713 1364 1740 1418 ὁ
1780 1372 1879 1417 τοῦ

182 1443 236 1522 δ,
277 1454 306 1507 ὁ
345 1463 446 1508 τοῦ
486 1457 542 1523 ft,
582 1454 611 1508 6
651 1462 751 1508 τοῦ
791 1458 844 1523 δ’,
884 1454 912 1507 ὁ
952 1462 1052 1508 τοῦ
1091 1456 1135 1507 ἶ.
1212 1452 1303 1506 καὶ
1343 1461 1584 1507 τοσαῦτα
1622 1453 1746 1524 περὶ
1786 1462 1881 1523 τῆς
1905 1481 1948 1514 15

184 1544 387 1604 κοινῆς.

296 1615 480 1686 [Άξιον
536 1614 586 1669 δ’
637 1618 775 1685 ἡμᾶς
830 1617 1128 1686 ἀπορῆσαι,
1183 1619 1239 1670 τί
1290 1618 1358 1686 δή
1407 1636 1539 1670 ποτε
1586 1618 1763 1688 τούτῳ
1811 1623 1885 1689 τῷ

186 1700 349 1770 τρίτῳ
398 1700 582 1769 τρόπῳ
629 1707 723 1766 τῆς
768 1708 958 1768 κοινῆς
1005 1699 1072 1752 οὐ
1119 1700 1430 1768 κεχρήμεθα
1470 1699 1622 1767 ἡμεῖς
1660 1705 1734 1770 τῷ
1779 1699 1881 1767 τὴν

185 1781 452 1848 βραχεῖαν
490 1788 671 1832 ποιεῖν
709 1782 924 1848 κοινήν,
964 1781 1102 1834 ἀλλὰ
1140 1783 1303 1848 μόνοι
1344 1781 1397 1832 οἱ
1436 1782 1679 1848 ποιηταί·
1721 1778 1879 1852 (σπα-

186 1862 317 1923 νίως
357 1862 461 1930 γὰρ
503 1860 811 1930 εὑρίσκεται
852 1863 930 1924 εἰς
969 1862 1102 1915 ἄλλο
1143 1859 1383 1933 μέτρον.)
1448 1871 1565 1925 τοῖς
1604 1863 1707 1932 γὰρ
1747 1879 1880 1929 προ-
1904 1889 1950 1920 20
2038 1867 2042 1870 ’

187 1942 494 2012 ειρημένοις
534 1943 622 1995 καὶ
663 1943 816 2011 ἡμεῖς
853 1946 1187 2013 κεχρήμεθα·
1228 1941 1484 2014 (λέγομεν
1517 1945 1602 2012 δή,
1644 1943 1732 1997 ὅτε
1763 1940 1880 1995 ἔστι

188 2024 355 2093 φύσει
392 2025 573 2092 μακρὰ
613 2026 690 2087 εἰς
729 2032 953 2093 φωνῆεν
992 2027 1238 2093 λήγουσα
1275 2025 1365 2077 καὶ
1406 2026 1484 2087 εἰς
1514 2024 1679 2094 μέρος
1712 2026 1879 2092 λόγου

306 2197 333 2236 4
364 2191 603 2236 Herodian
627 2192 668 2235 II
694 2196 792 2244 285,
814 2196 868 2235 10

308 2345 333 2383 2
367 2341 422 2383 σὺ
452 2340 535 2383 τὸν
567 2338 609 2396 γ’
641 2339 733 2393 ἄρα
769 2338 947 2384 δείδιθι
981 2341 1035 2384 K
1057 2343 1063 2396 Ι
1090 2343 1197 2397 post
1228 2339 1409 2386 δείδιθι
1442 2342 1486 2386 U
1512 2340 1619 2383 add.
1652 2339 1680 2395 ἡ
1715 2345 1744 2382 ἇ
1777 2342 1880 2383 συλ-

187 2398 307 2457 λαβή
337 2401 351 2456 ΙΙ
383 2404 407 2442 3
442 2399 789 2452 διπλασιάζεται
822 2401 876 2444 K
906 2401 911 2457 Ι
947 2405 974 2443 4
1006 2417 1084 2443 και
1104 2400 1314 2459 -μύθῳ
1347 2415 1433 2444 om.
1470 2401 1511 2444 U
1538 2402 1553 2455 ΙΙ
1587 2403 1610 2441 7
1644 2414 1881 2456 μεταπαυ-

189 2458 307 2514 σωλὴ
339 2458 472 2501 Hom.
507 2461 521 2514 ΙΙ
553 2463 578 2501 8
611 2459 682 2516 κε]
716 2459 796 2502 καὶ
831 2459 874 2502 U
902 2460 907 2515 Ι
944 2458 1121 2512 νικήσει
1153 2460 1197 2503 U
1231 2462 1236 2515 Ι
1277 2460 1517 2516 γεγένηται
1549 2461 1655 2515 (om.
1687 2459 1752 2514 τε)
1786 2459 1840 2502 K
1865 2459 1880 2514 Ιί

191 2521 245 2559 10
277 2515 387 2561 ποσί
418 2514 465 2561 δ’
493 2518 742 2572 ὑπαροίσιν
777 2519 822 2562 U
859 2520 873 2574 ΙΙ
915 2523 968 2561 12
1002 2517 1147 2569 οὕτως
1178 2533 1263 2562 om.
1299 2520 1343 2563 U
1383 2521 1397 2574 ss
1438 2523 1490 2560 13
1526 2528 1542 2560 ῑ
1573 2518 1653 2560 καὶ
1683 2522 1766 2572 τῆς
1797 2518 1840 2561 U
1865 2518 1880 2573 ΙΙ

191 2580 244 2618 13
279 2577 381 2632 (sub
413 2576 641 2630 finem)—
664 2582 717 2620 15
751 2576 774 2620 ὁ
809 2591 990 2633 semper
1021 2591 1108 2620 om.
1137 2578 1212 2634 Ul}
1239 2583 1292 2621 15
1324 2584 1405 2633 τῆς
1429 2592 1517 2621 om.
1545 2578 1592 2620 Κ
1616 2579 1631 2634 ΙΙ
1654 2590 1737 2632 pro
1766 2580 1878 2619 17—

190 2639 291 2688 208,
310 2640 334 2678 8
367 2635 417 2678 in
442 2637 496 2679 K
523 2635 589 2678 nil
621 2636 713 2679 nisi
744 2636 859 2679 haec
893 2635 1090 2694 εὐλόγως
1121 2637 1172 2680 δὲ
1205 2636 1336 2692 ἡμεῖς
1367 2643 1420 2694 τῇ
1454 2639 1608 2711 μακρᾷ
1637 2635 1743 2679 ἀντὶ
1797 2653 1880 2691 ρα-

189 2692 317 2751 χείας
362 2694 630 2752 κεχρήμεθα
678 2696 738 2744 ὡς
785 2702 1047 2770 περιεκτικῃ
1090 2695 1176 2740 δύο
1217 2696 1562 2754 βραχειῶν,οὐ
1604 2694 1693 2750 μὴν
1733 2695 1761 2738 δ
1823 2702 1876 2752 τῇ

190 2750 384 2826 βραχείᾳ
424 2754 529 2796 ἀντὶ
568 2761 748 2810 μακρᾶς
787 2754 848 2804 ὡς
887 2753 931 2798 οἱ
940 2753 1159 2826 ποιηταί
1193 2757 1240 2799 et
1272 2769 1326 2798 ea
1365 2755 1541 2798 inserta
1572 2755 1681 2810 post
1710 2768 1751 2797 v.
1780 2758 1830 2797 11
1865 2756 1880 2810 n

193 2817 247 2855 18
279 2811 433 2870 τρόπῳ
486 2814 718 2866 προσώπω
745 2814 790 2858 U
811 2815 816 2869 Ι
837 2811 962 2871 οὐ]
939 2830 964 2869 η
991 2814 1034 2887 U
1057 2815 1063 2869 ί
1090 2815 1171 2887 τῷ]
1196 2815 1246 2858 τὸ
1276 2815 1343 2870 ΠΗ
1362 2818 1414 2856 19
1440 2813 1612 2870 ποιεῖν]
1639 2814 1879 2869 exspectes

191 2878 405 2914 ποιοῦντι
482 2872 655 2915 oersch.
705 2874 719 2929 ΙΙ
770 2877 884 2916 20-
889 2877 943 2915 21
976 2873 1060 2929 τὴν
1093 2872 1180 2929 γὰρ
1212 2871 1553 2929 προειρημένην
1586 2873 1630 2916 U
1670 2874 1684 2928 ΙΙ
1732 2876 1785 2914 21
1820 2871 1878 2927 δὴ

190 2929 426 2983 Hoersch.‚
460 2930 510 2974 δὲ
543 2931 614 2987 ΠΙ
645 2929 736 2990 ὅτε]
773 2929 840 2975 ’ὅτι
873 2932 916 2976 U
