2060 3168
155 1096 196 1126 10

154 1518 194 1548 15

154 1938 196 1969 20

224 206 334 258 234
678 207 988 249 ΓΕΩΡΓΙΟΤ
1018 207 1459 249 ΧοῑΡοΒοΣΚοΤ

223 341 620 395 ἀναπαιστικοῦ
667 340 744 411 ιἐκ
793 342 895 393 δύο
942 343 1216 410 βραχειῶν
1259 341 1350 393 καὶ
1389 349 1598 409 μακρᾶς
1637 343 1910 408 λαμβανο-

220 423 391 490 μένου
393 463 425 494 J.
488 417 603 476 εἶτα
643 422 788 491 λέγει
830 432 1018 491 σαφῶς
1057 423 1236 489 αὐτός,
1275 423 1455 475 πόθεν
1495 423 1793 490 σύγκειται,
1825 422 1911 476 ὅτι

222 503 275 567 ἓξ
316 501 426 573 ἔχει
467 503 760 566 ἀποθέσεις
799 505 919 572 ἤτοι
959 503 1289 572 καταλήξεις,
1328 503 1419 556 καὶ
1451 503 1695 571 ἀριθμὸν
1726 505 1911 556 αὐτῶν

221 585 526 654 παραφέρει
564 586 654 638 καὶ
693 586 788 646 τὰς
827 587 1061 653 χρήσεις.
1092 615 1166 622 -
1199 582 1309 654 (25,
1335 582 1393 654 5)
1435 578 1574 637 Εἶτα
1607 585 1908 653 δείκνυσιν,

223 667 305 720 ὅτι
345 667 405 719 τὸ
447 667 810 735 τετράμετρον
847 666 909 718 τὸ
949 666 1294 734 καλούμενον
1326 664 1775 734 Ἀριστοφάνειον
1808 666 1910 719 οὐκ

220 744 289 815 ἦν
322 748 493 800 αὐτοῦ
525 755 624 799 τοῦ
657 746 1087 815 Ἀριστοφάνους
1119 746 1346 815 εὕρημα,
1379 745 1507 799 ἀλλ’
1538 746 1726 816 ἑτέρου
1758 747 1910 810 τινὸς

220 827 584 896 παλαιοτέρου
625 835 724 880 τοῦ
760 826 1225 927 Ἀριστοφάνους.
1267 826 1636 926 Ἀριστόξενος
1667 828 1771 896 γάρ
1805 848 1909 896 φη-

1943 676 1998 716 ’73

221 925 311 962 σιν
357 920 571 978 πρῶτος
618 910 765 981 αὐτῷ
815 907 1104 978 εχρήσατο,
1160 904 1227 961 οὗ
1274 909 1541 978 μέμνηται
1591 908 1911 1008 Ἐπίχαρμος
1958 930 1965 938 ·

220 989 672 1060 μεταγενέστερος
720 991 812 1043 ὤν.
900 983 1015 1042 εἶτα
1069 988 1332 1058 ἐχρήσατο
1380 992 1556 1062 τούτῳ
1603 998 1677 1062 τῷ
1733 991 1909 1063 μέτρῳ

221 1074 309 1125 καὶ
358 1073 521 1142 αὐτὸς
568 1071 596 1124 ὁ
641 1070 985 1140 Ἐπίχαρμος,
1038 1064 1153 1123 εἶτα
1206 1074 1500 1139 Κρατῖνος,
1547 1092 1633 1124 και
1681 1072 1911 1141 ὕστερος

222 1155 299 1207 ὢν
339 1157 621 1223 Κρατίνου
657 1152 1063 1222 Ἀριστοφάνης.
1142 1150 1329 1221 ἐπειδὴ
1379 1150 1439 1206 δὲ
1487 1163 1729 1222 συνεχῶς
1769 1153 1916 1226 αὐτῷ

221 1234 503 1304 ἐχρήσατο,
544 1234 752 1302 ἐκλήθη
786 1233 1247 1303 Ἀριστοφάνειον.
1324 1233 1414 1287 καὶ
1455 1234 1610 1304 φέρει
1650 1236 1751 1302 τὴν
1783 1243 1911 1304 χρῆ-

221 1331 312 1369 σιν
351 1324 451 1369 τοῦ
486 1315 875 1385 Ἀριστοξένου,
917 1314 1002 1367 ὅτι
1039 1311 1155 1367 ἔστι
1191 1316 1554 1386 τετράμετρον
1592 1321 1911 1385 καταληκτι-

220 1400 319 1450 κὸν
359 1399 436 1460 εἰς
474 1399 756 1466 συλλαβὴν
797 1395 909 1468 (25,
941 1394 1032 1466 19)

367 1497 448 1557 τίς
495 1493 789 1557 ἀλαζονιάν
835 1494 1097 1546 πλείσταν
1143 1491 1366 1562 παρέχει
1413 1503 1524 1546 τῶν
1570 1493 1910 1563 ἀνθρώπους

1287 1576 1339 1627 οἱ
1378 1576 1612 1641 μάντεις.

219 1670 303 1742 (τὸ
352 1670 411 1723 δ’
450 1671 744 1735 ἀλαζονίαν
792 1672 883 1723 διὰ
929 1678 1029 1722 τοῦ
1079 1671 1211 1721 ι’ῶτα
1256 1671 1404 1740 παρὰ
1449 1678 1523 1743 τῷ
1558 1671 1909 1744 Ἀριστοξένῳ

219 1754 468 1822 ιὀφεῖλον
508 1747 649 1805 εἶναι
699 1754 1021 1820 δίφθογγον
1062 1751 1166 1804 ἀπὸ
1207 1760 1306 1804 τοῦ
1348 1752 1685 1821 ἀλαζονεύω,
1737 1754 1810 1816 ὡς
1848 1756 1909 1807 τὸ

222 1835 499 1903 ρητορεύω
534 1834 806 1902 ῥητορεία,
847 1833 1126 1886 κολακεύω
1158 1832 1470 1904 κολακείαᾸ).
1535 1833 1645 1905 (25,
1670 1833 1764 1905 22)
1800 1838 1912 1887 Λα-

221 1916 460 1968 κωνικὸν
523 1915 586 1967 δέ
646 1930 784 1984 φησι
853 1918 1155 1983 κεκλῆσθαι
1218 1915 1310 1966 διὰ
1371 1915 1432 1966 τὸ
1494 1915 1591 1967 τὸν
1646 1915 1912 1982 Ἀλκμᾶνα

221 1998 456 2050 Λάκωνα
503 1999 636 2049 ὄντα
687 1998 918 2064 λυρικὸν
965 1999 1277 2065 χρήσασθαι
1332 1995 1478 2067 αὐτῷ
1528 1995 1559 2062 ἢ
1610 2006 1831 2065 πρῶτον
1877 1996 1909 2065 ἢ

221 2078 615 2147 συνεχέστερον
653 2083 878 2144 μᾶλλον.

333 2158 443 2230 (26,
472 2157 563 2229 17)
606 2161 680 2211 Τὸ
723 2162 781 2212 δὲ
822 2161 1069 2224 δίμετρον
1117 2159 1499 2222 καταληκτικὸν
1540 2161 1774 2211 καλεῖται
1815 2161 1909 2223 μὲν

340 2339 395 2377 20
429 2334 603 2378 seh01.A
630 2339 728 2389 134,
749 2339 773 2378 3

340 2487 364 2524 2
401 2480 486 2539 ὅτι]
523 2481 545 2525 ὃ
583 2484 654 2538 Ul}
681 2487 705 2524 3
739 2481 993 2534 ἀποθέσεις
1024 2481 1125 2536 ἤτοι
1149 2480 1437 2539 καταλήξεις]
1465 2480 1809 2536 ἀπαριθμήσεις
1837 2482 1880 2525 U
1896 2482 1909 2536 ΙΙ

221 2542 437 2598 ἀριθμῶν
479 2542 529 2584 K
580 2544 593 2597 ΙΙ
649 2546 732 2584 3-
737 2547 763 2583 4
807 2542 961 2585 αὐτῶν
1005 2540 1268 2596 παραφέρει
1309 2538 1910 2596 8οΥ1Ρ81,ἀντιπαραφέρει

222 2601 556 2655 οο(1(1.αὐτῶν
588 2598 828 2655 περιφέρει
859 2601 1079 2644 Hoersoh
1120 2602 1133 2656 ΙΙ
1174 2606 1198 2642 5
1232 2599 1283 2642 τὸ
1318 2603 1400 2654 (pr
1435 2599 1483 2655 1.)
1518 2613 1604 2641 om.
1639 2599 1683 2641 U
1716 2602 1729 2654 Η
1770 2604 1794 2640 6
1827 2604 1908 2641 τοῦ

222 2675 307 2702 om.
332 2660 405 2733 [fl
435 2659 609 2715 εύρημα
629 2686 682 2691 ——
705 2663 728 2701 7
753 2658 1104 2714 Αριστοφάνους
1137 2673 1223 2702 om.
1258 2660 1330 2714 ΠΗ
1357 2662 1468 2701 7-8
1503 2656 1588 2729 γάρ
1623 2658 1786 2714 φησιν]
1820 2674 1909 2713 φη-

223 2719 294 2760 σὶν
328 2716 391 2761 ὢν
425 2720 478 2762 Κ
519 2722 532 2774 ΙΙ
581 2723 604 2759 9
640 2715 756 2775 εἶτα]
789 2719 868 2761 καὶ
903 2720 947 2762 U
986 2721 999 2774 ΙΙ
1049 2724 1102 2761 10
1135 2718 1214 2761 καὶ
1247 2717 1387 2768 αυτὸς
1419 2716 1442 2760 ὁ
1471 2713 1775 2788 Ἐπιχαρμος]
1810 2723 1908 2759 εἶτα

223 2775 429 2826 ἐπίνικος
460 2778 503 2819 U
531 2776 605 2832 (cf.
631 2777 780 2832 Heph
807 2793 851 2832 p.
879 2782 948 2830 25,
971 2783 1022 2819 12
1048 2780 1061 2833 ΙΙ
1090 2782 1140 2820 11
1169 2776 1220 2821 δὲ
1246 2790 1333 2820 om.
1364 2777 1436 2831 Ul!
1463 2780 1515 2818 15
1549 2772 1777 2825 πλείστοις
1802 2776 1907 2830 (om

221 2835 428 2908 παρέχει)
464 2838 556 2890 ΚΗ
585 2841 634 2878 17
669 2836 720 2879 τὸ
755 2834 824 2894 δ’]
859 2835 1008 2879 ἰστέον
1042 2835 1092 2880 δὲ
1126 2833 1194 2879 ὅτι
1225 2835 1276 2878 τὸ
1310 2836 1353 2878 U
1383 2837 1388 2890 Ι
1422 2835 1504 2892 τῶ]
1536 2834 1587 2877 τὸ
1622 2834 1675 2876 K
1701 2836 1714 2889 ΙΙ
1747 2838 1802 2877 20
1836 2832 1906 2892 δε]

223 2891 307 2938 οὖν
348 2897 401 2938 K
450 2896 463 2950 ΙΙ
518 2900 573 2937 22
618 2897 789 2950 μᾶλλον
833 2894 1156 2953 συνεχέστερον
1204 2896 1247 2939 U
1292 2896 1306 2950 11
1361 2898 1415 2936 23
1463 2895 1670 2936 καλεῖται
1712 2910 1754 2948 μ.
1797 2908 1904 2947 παρ.

223 2967 309 2996 om.
346 2955 394 2996 K
