2060 3168
535 160 1008 203 COMMENTARIUS
1038 162 1122 202 DE
1152 161 1410 203 PEDIBUS
1710 159 1818 212 357

126 292 206 336 καὶ
246 291 341 336 ἀπὸ
381 290 464 348 μὲν
503 292 804 350 δισυλλάβου,
853 290 944 347 ὅτι,
987 292 1029 336 εἰ
1066 292 1126 349 μὴ
1167 295 1454 337 συντεθῶσιν
1493 292 1544 336 αἱ
1585 291 1820 352 συλλαβαί,

128 356 353 413 εὐπρεπὲς
385 359 471 402 οὐκ
503 357 846 415 ἀπεργάζονται
877 364 1042 417 σχῆμα.
1099 358 1165 409 εἰς
1196 359 1247 403 δὲ
1273 358 1599 416 ἑξασύλλαβον,
1634 356 1701 403 ὅτι
1724 367 1817 403 τῶν

125 425 286 468 ποδῶν
327 422 372 467 οἱ
411 422 495 479 μέν
534 424 651 469 εἰσιν
683 424 845 480 ἁπλοῖ,
885 425 928 469 οἱ
962 424 1014 470 δὲ
1046 425 1283 470 σύνθετοι.
1347 425 1388 469 εἰ
1418 422 1503 470 οὖν
1534 433 1628 470 τῶν
1659 425 1819 470 ἁπλῶν

125 490 178 535 τὸ
210 488 409 547 μέγεθος
440 490 548 548 ἄχρι
580 498 720 546 τριῶν
745 491 839 536 ἐστι
872 493 1124 550 συλλαβῶν,
1156 490 1424 548 ἀναγκαίως
1449 491 1574 536 ἔσται
1595 499 1690 536 τῶν
1713 507 1820 536 συν-

125 555 281 601 θέτων
321 554 405 606 ἕως
445 555 503 610 ἕξ.
582 558 796 615 χρονικαὶ
836 558 888 601 δὲ
927 558 1241 613 παραυξήσεις
1281 558 1367 602 εἰσὶ
1405 556 1548 602 δέκα·
1597 558 1691 602 ἀπὸ
1732 558 1818 615 γὰρ
1867 571 1887 602 5

128 622 351 680 διχρόνου
383 620 513 680 μέχρι
547 622 902 681 δωδεκαχρόνου
934 623 1170 679 προίασιν.

249 690 439 734 Τούτων
471 689 517 734 οἱ
548 689 631 746 μέν
664 691 781 735 εἰσιν
813 690 975 745 ἁπλοῖ,
1006 692 1088 735 καὶ
1120 691 1204 735 εἰσὶ
1239 692 1443 736 δώδεκα·
1489 691 1534 735 οἱ
1565 691 1618 736 δὲ
1650 691 1821 735 σύνθε-

130 773 225 810 τοι,
271 757 353 800 nal
399 757 515 801 εἰσὶν
555 756 667 816 ριβ’.
733 763 770 800 1.
818 758 899 801 καὶ
943 758 1030 801 εἰσὶ
1069 758 1336 816 δισύλλαβοι
1374 757 1458 814 μὲν
1499 756 1568 813 δ’,
1613 757 1819 808 δικαίως.

127 830 256 867 πᾶσα
301 822 388 879 γὰρ
429 822 577 879 μονὰς
615 823 789 880 διφυὴς
826 822 940 879 μετὰ
980 822 1187 879 μονάδος
1223 825 1425 879 διφυοῦς
1462 821 1660 880 τέσσαρα
1699 832 1826 869 ποιεῖ

128 889 350 947 σχήματα.
414 890 475 940 ὡς
513 889 558 934 οἱ
597 890 771 947 κύαμοι
808 889 860 934 τὸ
900 888 1101 934 ὄπισθεν
1142 890 1323 948 ἔχοντες
1360 889 1524 946 μέλαν,
1563 891 1615 935 τὸ
1655 889 1708 936 δὲ
1747 891 1821 947 ἔμ-
1847 903 1890 935 10

128 959 340 1012 προσθεν
379 957 560 1012 πυρρὸν
598 954 818 1012 τέσσαρα·
858 956 910 1000 τὸ
950 956 1038 1013 γὰρ
1078 955 1220 1013 μέλαν
1260 956 1373 1013 μετὰ
1412 964 1495 1001 τοῦ
1527 956 1726 1013 μέλανος
1757 956 1821 1012 ἕν,

129 1023 182 1067 τὸ
214 1022 267 1068 δὲ
303 1023 488 1079 πυρρὸν
523 1022 637 1080 μετὰ
666 1030 750 1067 τοῦ
782 1030 961 1078 πυρροῦ
996 1022 1066 1076 ἕν,
1106 1023 1159 1068 τὸ
1191 1022 1243 1068 δὲ
1275 1022 1416 1079 μέλαν
1448 1023 1561 1080 μετὰ
1591 1031 1674 1068 τοῦ
1706 1040 1822 1079 πυρ-

131 1097 216 1144 ροῦ
257 1088 330 1143 ἕν,
368 1090 421 1134 τὸ
462 1090 513 1135 δὲ
552 1090 734 1145 πυρρὸν
773 1089 886 1146 μετὰ
915 1097 998 1133 τοῦ
1039 1088 1236 1146 μέλανος
1267 1089 1329 1134 ἔν.
1394 1089 1514 1134 οὕτω
1545 1091 1625 1134 καὶ
1656 1090 1685 1147 ἡ
1719 1093 1823 1135 συλ-

128 1155 262 1214 λαβή,
294 1156 454 1213 φησὶν,
484 1156 515 1213 ἡ
549 1157 717 1214 ἔχουσα
748 1156 833 1213 τὴν
866 1156 1051 1212 μακρὰν
1083 1157 1163 1200 καὶ
1187 1157 1270 1213 τὴν
1295 1158 1521 1214 βραχεῖαν
1555 1156 1687 1219 ἑτέρᾳ
1712 1172 1822 1214 συμ-

127 1221 387 1279 πλεκομένη
428 1224 627 1281 συλλαβῇ
667 1230 797 1267 ποιεῖ
832 1222 879 1267 δ’
916 1224 1138 1280 σχήματα.
1202 1228 1242 1267 2.
1275 1223 1567 1281 τρισύλλαβοι
1598 1224 1649 1268 δὲ
1683 1223 1819 1268 ὀκτώ·
1849 1235 1891 1267 15

129 1289 172 1333 εἰ
209 1289 238 1345 ἡ
279 1289 426 1347 μονὰς
463 1290 492 1346 ἡ
533 1290 707 1346 διφυὴς
746 1290 859 1347 μετὰ
899 1289 1063 1346 ὁμοίας
1105 1297 1212 1346 μιᾶς
1244 1292 1521 1334 συντεθεῖσα
1554 1288 1739 1347 ἐποίησε
1771 1290 1820 1334 δ’

130 1355 356 1415 σχήματα,
389 1354 583 1407 δικαίως
613 1357 725 1414 μετὰ
758 1357 844 1400 δύο
871 1359 1148 1401 συντεθεῖσα
1178 1364 1308 1400 ποιεῖ
1337 1356 1475 1400 ὀκτώ·
1509 1354 1703 1418 ἑκατέρᾳ
1735 1356 1823 1414 γὰρ

130 1423 286 1466 αὐτῶν
318 1422 721 1479 ἐπισυναπτομένη
755 1426 951 1467 διπλοῦν
980 1422 1307 1480 ἀπεργάζεται·
1343 1422 1518 1482 ἑκάστῳ
1542 1430 1658 1480 γοῦν
1682 1438 1823 1479 προσ-

130 1496 266 1533 ιοῦσα
298 1496 390 1533 τῶν
422 1490 709 1548 δισυλλάβων
740 1492 901 1534 ποδῶν
934 1489 1134 1549 συλλαβὴ
1166 1490 1252 1534 δύο
1285 1487 1463 1544 πορίζει
1488 1489 1709 1547 σχήματα,
1740 1490 1824 1534 τὸν

129 1553 356 1613 δίβραχυν
389 1563 589 1599 ποιοῦσα
620 1554 873 1615 τρίβραχυν
905 1555 932 1612 ἢ
966 1555 1219 1610 δάκτυλον,
1261 1556 1344 1600 τὸν
1377 1554 1428 1600 δὲ
1461 1557 1709 1601 σπονδεῖον
1741 1573 1821 1614 μο-
1847 1569 1891 1601 20

128 1622 294 1666 λοσσὸν
335 1620 362 1678 ἢ
404 1624 644 1680 βακχεῖον,
684 1624 766 1667 τὸν
807 1620 853 1668 δ’
892 1622 1062 1681 ἴαμβον
1102 1621 1395 1666 ἀνάπαιστον
1435 1620 1462 1677 ἢ
1503 1621 1823 1679 ἀμφίμακρον,

127 1689 210 1732 τὸν
258 1687 310 1733 δὲ
355 1697 576 1746 τροχαῖον
619 1689 922 1748 ἀμφίβραχυν
962 1687 990 1745 ἢ
1030 1688 1412 1748 παλιμβάκχειον.
1482 1694 1523 1733 3.
1564 1687 1734 1745 ὁμοίως
1771 1689 1822 1734 δὲ

129 1755 211 1799 καὶ
243 1752 372 1799 οὗτοι
404 1755 841 1814 προσλαμβάνοντες
870 1756 956 1812 τὴν
987 1755 1217 1814 συλλαβὴν
1251 1758 1527 1800 διπλοῦνται
1558 1757 1639 1800 καὶ
1669 1755 1820 1812 γίνον-

127 1839 206 1865 ται
244 1822 600 1879 τετρασύλλαβοι
640 1822 817 1875 δεκαέξ.
880 1828 920 1866 4.
963 1821 1133 1879 ὁμοίως
1172 1823 1222 1867 δὲ
1255 1823 1335 1866 καὶ
1368 1819 1497 1866 οὗτοι
1528 1823 1823 1881 προσλαμβά-

129 1905 289 1939 νοντες
319 1888 404 1945 τὴν
445 1890 676 1947 συλλαβὴν
715 1888 927 1945 γίνονται
967 1889 1267 1944 διπλούμενοι
1296 1889 1664 1948 πεντασύλλαβοι
1693 1906 1821 1943 τρια·
1847 1901 1889 1933 25

128 1955 377 2006 κονταδύο,
402 1955 448 1998 οἳ
473 1954 622 2012 ὄνομα
648 1955 772 1999 ἴδιον
790 1957 875 2000 οὐκ
900 1956 1099 2013 ἔχουσιν,
1123 1953 1222 2000 ἀλλ’
1241 1955 1335 2000 ἀπὸ
1360 1962 1451 1999 τῶν
1475 1955 1822 2013 προειρημένων

129 2020 430 2071 συντεθέντες
468 2025 734 2067 καλοῦνται.
803 2022 888 2074 τὰς
926 2023 976 2067 δὲ
1017 2021 1267 2077 διαιρέσεις
1306 2023 1475 2072 διπλᾶς
1513 2029 1748 2067 ποιοῦσιν·
1793 2021 1822 2078 ἢ

129 2087 217 2144 γὰρ
251 2088 525 2146 δισύλλαβος
563 2089 676 2145 μετὰ
706 2089 1033 2147 τρισυλλάβου,
1072 2086 1100 2144 ἢ
1131 2089 1430 2146 τρισύλλαβος
1461 2088 1574 2144 μετὰ
1607 2089 1820 2133 δισυλλά-

252 2211 307 2249 26
348 2206 538 2249 nomina
579 2207 1010 2263 pentasyllaborum
1050 2209 1098 2251 et
1135 2206 1543 2263 hexasyllaborum
1582 2220 1620 2250 e.
1653 2222 1696 2264 g.
1730 2206 1823 2251 AV

133 2269 233 2309 232.
269 2269 412 2308 293-
417 2269 486 2308 98.
535 2265 685 2310 Diom.
712 2266 839 2310 1481

251 2382 271 2417 1
309 2372 397 2433 ὅτι]
432 2373 505 2419 ὅτε
539 2377 640 2422 UK
665 2379 679 2434 ΙΙ
712 2382 736 2420 2
769 2376 1130 2435 ἀπεργάζονται]
1164 2375 1461 2432 ἀπαρτίζεται
1494 2378 1549 2421 K
1578 2377 1583 2435 Ι
1622 2374 1693 2421 ὅτε
1727 2379 1779 2421 K
1807 2379 1825 2434 ΙῘ

131 2438 155 2477 7
187 2434 384 2492 τούτων]
418 2435 572 2479 αὐτῶν
606 2436 655 2480 δὲ
688 2436 863 2480 τούτων
890 2436 975 2493 ΚΗ
1002 2441 1025 2478 7
1060 2439 1106 2479 et
1138 2440 1194 2479 8
1190 2439 1294 2493 (pr.)
1326 2437 1424 2494 καὶ]
1458 2433 1502 2479 οί
1530 2437 1605 2492 ΠΙ]
1631 2441 1684 2479 10
1718 2436 1822 2480 ὄπι-

130 2496 391 2537 σθεν-11
438 2494 639 2552 πυρρὸν]
685 2495 950 2551 ἔμπροσθεν
995 2495 1176 2554 ἔχοντες
1218 2496 1399 2550 πυρρὸν
1437 2495 1487 2538 τὸ
1529 2496 1580 2539 δὲ
1621 2494 1821 2540 ὄπισθεν

130 2550 271 2608 μέλαν
289 2554 368 2608 KH
388 2558 438 2596 11
466 2553 683 2611 τέσσαρα]
709 2555 794 2598 δύο
823 2555 924 2598 UK
969 2514 1042 2598 12Z
1048 2554 1099 2599 δε
1117 2557 1222 2611 (pr)
1247 2568 1334 2598 om.
1357 2555 1423 2610 ΠΙΙ
1443 2559 1495 2597 12
1520 2554 1639 2598 τὸ-
1651 2554 1700 2599 ἓν
1718 2558 1821 2612 (pr)

130 2625 218 2654 om.
247 2612 400 2668 ΠΙΙ13
435 2613 485 2657 δὲ
518 2626 605 2655 om.
635 2614 789 2668 U1114
822 2628 968 2668 φασιν
1003 2615 1079 2669 ΠΙ
1115 2613 1264 2670 ἡοῐιι.
1293 2613 1549 2670 ΠΙτὴνμ.
1583 2631 1623 2658 κ.
1656 2630 1692 2657 τ.
1727 2614 1819 2672 β]

130 2677 311 2726 μακρᾶς
333 2671 414 2714 καὶ
431 2670 652 2730 βραχείας
673 2673 739 2728 ΠΗ
760 2678 812 2715 16
832 2670 1019 2729 ἐποίησε
1037 2699 1091 2706 -
1113 2677 1165 2715 17
1186 2687 1309 2716 συντ.
1328 2686 1414 2716 om.
1436 2673 1503 2728 Ufl
1523 2677 1574 2717 17
1596 2671 1822 2730 ἑτέραΚΙΙ

134 2733 187 2772 18
219 2729 542 2787 συναπτομένη
578 2732 622 2774 U
661 2734 675 2788 ΙΙ
723 2737 778 2774 19
805 2731 914 2833 τὸνὲ)
943 2732 1026 2775 τὸν
1057 2731 1144 2789 γὰρ
1182 2733 1226 2778 U
1262 2734 1277 2787 ΙῙ
1324 2737 1376 2774 21
1413 2729 1441 2787 ἣ
1475 2733 1579 2788 (pr.)
1612 2746 1698 2776 om
1726 2733 1781 2776 K
1806 2735 1822 2789 ss

131 2792 187 2831 22
218 2789 301 2832 τὸν
333 2790 373 2832 δ.
407 2805 443 2832 τ.
478 2790 522 2833 ἀ
557 2804 644 2834 om.
674 2791 718 2834 U
748 2792 763 2846 ΙΙ
802 2795 858 2833 ‘²4
918 2788 1209 2846 μοίως-25
1243 2793 1364 2836 διπλ.
1399 2805 1486 2835 om.
1515 2791 1559 2835 U
1590 2793 1604 2847 ΙΙ
1645 2795 1758 2835 25-
1763 2795 1819 2835 26

131 2848 300 2917 τριακ.]
333 2849 535 2892 δεκαδύο
571 2850 645 2905 ΠΗ
669 2854 723 2892 2ι
758 2849 999 2894 συνθέτων
1033 2850 1108 2906 UH
1133 2854 1187 2893 28
1221 2851 1487 2907 δισύλλαβοι
1515 2867 1558 2905 μ.
1584 2850 1820 2904 τρισυλλά-

132 2904 281 2963 βων
261 2924 285 2961 η
318 2907 610 2965 τρισύλλαβοι
643 2925 684 2951 ιι.
718 2907 1006 2966 δισυλλάβων
1040 2910 1093 2953 K
