2090 3158
178 1072 220 1104 10

181 1494 220 1525 15

183 1959 224 1990 20

243 183 312 235 82
924 183 1246 225 AOPPINOT

354 318 402 370 3.
456 320 761 387 Κριτήριον
799 316 1000 387 μέτρου
1041 317 1189 385 ἀκοή.
1252 313 1393 369 ἔνιοι
1426 325 1565 384 γοῦν
1597 316 1770 378 οὕτως
1802 316 1929 384 ὡρί-
1961 324 2090 375 83,1ε

244 416 432 452 σαντο·
485 398 685 468 μέτρον
725 397 837 452 ἐστὶ
885 398 1074 451 ποδῶν
1113 397 1144 466 ἢ
1186 398 1401 464 βάσεων
1441 395 1694 460 σύνταξις
1733 398 1929 465 αἰσθή-

243 496 326 534 σει
373 489 436 552 τῇ
485 479 567 532 δι’
607 480 770 548 ἀκοῆς
817 477 1366 549 παραλαμβανομένη.
1444 481 1491 532 εἰ
1531 476 1592 531 δὲ
1631 479 1690 531 τὸ
1731 480 1928 548 κρῖνόν

244 562 392 615 ἐστιν
431 562 583 630 ἀκοή,
623 563 682 613 τὸ
723 569 970 627 κοσμοῦν
1010 559 1124 613 ἐστι
1157 563 1329 629 φωνή.
1407 561 1479 623 ὡς
1519 561 1621 629 γὰρ
1661 560 1759 612 τὸν
1795 554 1929 628 ἧχον

243 653 336 713 τῆς
399 644 704 712 εὐρυθμίας
766 641 1083 696 ἐκτείνουσα
1144 661 1200 694 τε
1256 640 1344 694 καὶ
1401 641 1774 694 συστέλλουσα
1827 641 1931 710 (ἡ)

244 727 402 794 φωνὴ
464 727 770 826 σχηματίζει
824 725 919 786 τὰς
981 724 1281 791 συλλαβάς,
1346 723 1520 786 οὕτως
1583 721 1931 791 εἰσδεξαμένη

244 809 419 874 κρίνει
459 807 490 875 ἡ
532 806 682 875 ἀκοή.
761 806 852 858 δια
897 812 1061 858 τοῦτο
1109 805 1283 856 πολλα
1330 813 1441 856 τῶν
1479 803 1695 872 μέτρων
1735 802 1933 871 συμβέ-

243 891 411 958 βηκεν
466 888 918 959 ἀποκρυπτεσθαι
975 885 1300 954 σιωπωμενα
1356 884 1416 938 ἐν
1468 893 1530 954 τῇ
1582 885 1717 938 κατα
1771 885 1934 949 πεζὸν

246 971 419 1040 ρήσει·
477 970 566 1022 καὶ
615 974 684 1022 αὐ
733 969 901 1022 πάλιν
947 967 1153 1029 πολλας
1201 967 1608 1036 συνεμπτώσεις
1648 968 1757 1035 εχει
1796 967 1934 1035 πρὸς

246 1053 382 1104 αλλα
421 1050 600 1121 μέτρα.
681 1051 835 1119 εὕροι
875 1056 1014 1117 γοῦν
1053 1069 1123 1100 αν
1160 1067 1242 1110 τις
1285 1049 1432 1117 παρα
1472 1045 1825 1116 Δημοσθένει
1865 1055 1943 1119 τῷ

247 1134 436 1202 ῥήτορι
486 1135 675 1202 στίχον
714 1131 955 1200 ἡρωϊκὸν
993 1129 1396 1199 κεκρυμμένον,
1447 1129 1505 1192 ὃς
1544 1129 1801 1197 ἠδυνήθη
1843 1132 1935 1181 λα-

246 1219 374 1266 θεῖν
421 1214 512 1266 ὃιὰ
558 1214 618 1266 τὸ
667 1214 833 1281 πεζὴν
880 1207 1056 1265 οὖσαν
1102 1213 1201 1280 τὴν
1251 1212 1547 1280 προφορὰν
1587 1211 1937 1280 συναρπάσαι

245 1301 313 1367 τᾷ
355 1297 499 1365 λόγῳ
541 1295 643 1363 τὴν
683 1293 867 1363 ἀκοήν.
946 1294 1083 1361 φησι
1123 1301 1262 1361 γοῦν
1302 1290 1389 1363 (de
1430 1310 1534 1344 cor.
1568 1290 1697 1362 143)

321 1391 419 1443 τὸν
458 1391 561 1460 γὰρ
604 1389 664 1443 ἐν
703 1390 969 1459 Ἀμφίσσῃ
1011 1391 1278 1458 πόλεμον,
1327 1387 1397 1442 δι’
1437 1388 1503 1442 ὃν
1544 1390 1621 1451 εἰς
1654 1387 1939 1441 Ἐλάτειαν

322 1467 460 1539 ἦλθε
506 1474 794 1535 Φίλιππος.

249 1579 430 1645 στίχος
470 1574 623 1629 ἐστὶν
665 1577 860 1648 ἡρῷος·
905 1575 1042 1628 ἀλλὰ
1080 1576 1189 1644 μὴν
1228 1573 1318 1627 καὶ
1345 1573 1610 1641 Ἰωνικόν,
1643 1574 1776 1627 ὅταν
1807 1574 1938 1643 λέγῃ

274 1657 354 1710 Ol.
387 1656 466 1710 III
489 1658 524 1708 4

248 1657 268 1728 (
324 1655 548 1806 πολλῶί
581 1750 640 1805 δὲ
671 1755 850 1820 λόγων
875 1751 966 1805 καὶ
992 1753 1246 1822 θορύβου
1272 1751 1606 1820 γιγνομένου
1633 1750 1755 1821 παρ’
1789 1752 1937 1820 ὑμῖν.

248 1864 410 1910 τοῦτο
444 1858 546 1925 γὰρ
581 1858 840 1928 ἄντικρυς
864 1856 1112 1910 Ἰωνικόν
1146 1857 1294 1910 ἐστιν
1326 1857 1432 1909 ἀπὸ
1466 1859 1713 1923 μείζονος
1745 1856 1941 1925 ὅμοιον

249 1946 321 2011 τῷ
358 1938 582 2010 (Sapph.
612 1939 680 1991 76
707 1965 777 1982 =
804 1939 975 2007 Heph.
1003 1938 1200 2009 36,17)

327 2034 706 2104 εὐμορφοτέρα
746 2037 1069 2088 Μνασιὸίκα
1107 2043 1202 2098 τᾶς
1241 2035 1448 2097 ἁπαλᾶς
1491 2037 1543 2086 Γ
1538 2036 1791 2102 υρίννως.

251 2139 344 2200 τὰς
384 2135 443 2190 δὲ
483 2148 595 2191 τῶν
633 2138 847 2207 μέτρων
879 2140 1286 2205 συνεμπτώσεις
1326 2136 1386 2191 ἐν
1427 2146 1543 2200 τοῖς
1583 2136 1702 2206 ἑξῆς
1743 2137 1941 2190 ἐπιδεί-

251 2218 426 2286 ξομεν.

370 2384 512 2422 1-17
548 2379 688 2423 schol.
723 2379 771 2422 in
796 2379 949 2422 Herm.
977 2379 1099 2424 RhG
1124 2380 1207 2423 VH
1233 2382 1406 2434 934,18
1423 2406 1478 2411 -
1495 2383 1593 2433 935,
1609 2384 1650 2423 3.
1682 2379 1745 2423 Io.
1773 2378 1861 2423 Sic.
1879 2379 1942 2423 VI

252 2443 350 2492 166,
370 2443 407 2481 8.
452 2443 519 2491 82,
542 2444 618 2490 14;
651 2438 727 2481 Ar.
749 2438 902 2490 Quint.
923 2443 1074 2493 21,13.
1116 2439 1229 2482 Mar.
1250 2438 1370 2482 Vict.
1390 2438 1452 2481 VI
1479 2443 1549 2493 50,
1569 2442 1593 2482 9
1630 2438 1902 2496 (iudicium).
1928 2441 1942 2495 Η

251 2503 277 2540 4
312 2497 452 2540 schol.
487 2498 535 2540 in
567 2497 698 2540 Dion.
727 2497 833 2541 Thr.
862 2501 960 2551 181,
981 2503 1005 2540 8
1031 2501 1044 2554 Η
1070 2503 1125 2542 10
1158 2497 1279 2542 RhG
1304 2498 1386 2540 VII
1414 2502 1618 2552 1046,16

374 2643 394 2679 1
437 2637 674 2692 κριτήριον
708 2637 942 2692 Hoersch,
982 2638 1228 2694 τεκμήριον
1270 2638 1416 2691 codd„
1460 2638 1517 2681 cf.
1552 2637 1730 2693 κριτικὴ
1764 2637 1940 2691 Choer.,

251 2695 487 2750 κριτήριον
520 2697 604 2739 An.
632 2696 790 2740 Ambr.
825 2702 932 2751 231,
959 2702 1034 2750 20,
1079 2698 1140 2742 Io.
1177 2697 1263 2741 Sic.
1299 2702 1375 2750 82,
1404 2701 1459 2740 20
1513 2699 1527 2753 Η
1582 2702 1607 2740 5
1649 2697 1676 2752 ἡ
1716 2697 1851 2740 inser.
1887 2711 1941 2740 ex

252 2753 434 2808 Choerq
468 2756 552 2798 An
580 2756 759 2810 Ambr.,
800 2755 921 2799 RhG
946 2756 1028 2798 VH
1055 2761 1159 2810 934,
1187 2763 1239 2800 21
1290 2759 1303 2812 Η
1352 2761 1376 2799 6
1419 2755 1722 2812 ἐπιδεξαμένη
1766 2754 1941 2810 Choer„

253 2812 529 2870 ἐκδεξαμένη
570 2814 738 2858 Nauck
791 2817 804 2871 ΙΙ
859 2821 883 2857 9
927 2818 1260 2871 συνεμπτωσεις
1307 2815 1440 2859 scrib.
1481 2815 1584 2858 coll.
1625 2820 1700 2869 22,
1749 2816 1942 2866 πτώσεις

253 2872 384 2916 codd
411 2876 424 2928 ΙΙ
451 2879 504 2916 14
537 2872 714 2930 ἀμφίση
749 2874 879 2916 codd.
908 2876 921 2930 ΙΙ
950 2878 1000 2916 18
1035 2873 1285 2931 γενομένου
1318 2876 1362 2918 Α
1387 2877 1400 2930 ΙΙ
1426 2879 1476 2917 21
1515 2871 1743 2931 γυρίννως
1774 2873 1941 2930 Heph,

252 2930 454 2988 γυρίννω
491 2932 622 2974 codd.
