2060 3168
227 789 616 850 Scholiorum
662 790 712 848 B
761 789 918 848 liber
965 789 1204 866 primus
1237 819 1325 838 z
1356 789 1797 867 prolegomena

180 909 445 986 Longini
500 907 1055 984 commentariique
1110 907 1409 985 reliquiae
1463 928 1519 984 p.
1563 909 1841 967 79—89.

0 1185 130 1247 εΗ.
647 1176 890 1234 Liber
949 1175 1373 1235 secunduS.

0 1259 195 1321 2186W.)

966 1334 1058 1387 ΙΙΙ.

724 1455 887 1524 Περὶ
929 1453 1297 1522 ἐπιπλοκῆς.
1903 1477 1926 1509 5

281 1572 572 1642 Ἐπιπλοκή
612 1573 727 1627 ἐστι
766 1581 867 1626 τοῦ
906 1572 1107 1642 μέτρου
1146 1573 1208 1625 τὸ
1251 1572 1532 1626 ἀνώτατον
1573 1572 1756 1640 γένος,
1801 1573 1854 1637 ἐξ

165 1652 228 1724 ’ἧς
280 1657 346 1708 τὰ
399 1655 568 1725 μέτρα
616 1659 840 1724 γίνεται.
924 1653 1214 1707 ἐπιπλοκαὶ
1263 1655 1324 1708 δὲ
1374 1655 1509 1707 κατὰ
1556 1654 1657 1722 μέν
1703 1657 1857 1718 τινάς

166 1739 271 1790 εἰσι
310 1738 401 1790 καὶ
441 1738 619 1804 ἄλλαι,
661 1738 713 1790 αἱ
755 1733 815 1789 δὲ
855 1744 962 1789 νῦν
1002 1735 1423 1805 ἀναγκαιόταται
1462 1728 1623 1805 τρεῖς.
1699 1735 1789 1790 καὶ
1827 1738 1854 1805 ἡ

163 1818 265 1884 μὲν
302 1823 546 1871 καλεῖται
584 1821 846 1888 τρίσημος
885 1819 1139 1886 δυαδική,
1179 1817 1211 1886 ἡ
1252 1814 1312 1870 δὲ
1350 1818 1684 1886 τετράσημος
1723 1819 1854 1871 δυα-

166 1901 308 1968 δική,
349 1900 381 1968 ἡ
422 1897 482 1953 δὲ
523 1899 789 1969 ἑξάσημος
827 1900 1130 1969 τετραδική.
1193 1900 1459 1967 δυαδικῆς
1494 1899 1554 1952 δὲ
1586 1902 1853 1968 τρισήμου
1881 1922 1922 1953 ιο

0 1981 132 2044 1137)
165 1982 283 2050 εἴδη
332 1982 460 2051 δύο,
507 1983 568 2035 τό
615 2002 671 2034 τε
720 1982 977 2050 ἰαμβικὸν
1022 1981 1112 2034 καὶ
1158 1982 1219 2034 τὸ
1267 1983 1584 2050 τροχαῑκόν·
1633 1982 1751 2050 εἴδη
1793 1982 1854 2035 δὲ

4 2097 19 2137 ἱ,
164 2070 259 2131 τῆς
296 2065 636 2132 τετρασήμου
670 2064 936 2130 δυαδικῆς
968 2063 1090 2129 δύο,
1128 2064 1188 2116 τό
1221 2082 1277 2116 τε
1310 2064 1641 2116 δακτυλικὸν
1671 2062 1761 2116 καὶ
1792 2065 1853 2116 τὸ

2 2139 3 2142 ¹
119 2171 122 2175 ⁴
165 2143 584 2198 ἀναπαιστικόν·
632 2146 750 2212 εἴδη
798 2152 892 2213 τῆς
932 2142 1200 2213 ἑξασήμου
1241 2145 1562 2213 τετραδικῆς
1599 2144 1852 2213 τέσσαρα,

167 2226 392 2279 ἰωνικὸν
441 2227 502 2279 τὸ
553 2226 659 2278 ἀπὸ
714 2228 984 2293 μείζονος,
1039 2227 1424 2294 χοριαμβικόν,
1480 2227 1707 2278 ι’ωνικὸν
1753 2225 1854 2278 ἀπ’

166 2307 478 2375 ἐλάσσονος,
519 2307 958 2360 ἀντισπαστικόν.
989 2338 1064 2345 -
1094 2307 1505 2375 ὠνομάσθησαν
1537 2307 1598 2359 δὲ
1630 2306 1851 2360 ἐπιπλο-
1878 2328 1919 2361 1⁵

164 2392 280 2457 καί,
327 2387 514 2457 ἐπειδὴ
561 2390 628 2441 τὰ
674 2388 731 2440 ἐκ
779 2396 904 2456 μιᾶς
951 2387 1246 2458 ἐπιπλοκῆς
1293 2390 1410 2457 εἴδη
1461 2387 1562 2440 ἀπ’
1600 2387 1852 2457 ἀλλήλων

166 2471 243 2532 εἰς
282 2470 489 2538 ἄλληλα
528 2470 617 2540 [τὰ
657 2469 800 2539 εἴδη]
839 2473 1171 2538 μεταπίπτει.
1239 2468 1465 2538 ἑκάστης
1504 2470 1565 2523 δὲ
1604 2470 1663 2522 τὸ
1704 2469 1851 2523 ἴδιον

167 2549 414 2620 ἐροῦμεν.

168 2740 223 2783 cf.
258 2740 407 2797 Heph.
433 2741 487 2785 fr.
513 2741 554 2784 Π
585 2756 629 2797 p.
659 2746 725 2784 77.
776 2740 934 2785 Choer.
963 2746 1063 2796 221,
1083 2746 1150 2785 18.
1186 2745 1285 2796 222,
1307 2746 1373 2784 14.
1409 2746 1507 2793 242,
1529 2745 1582 2783 10

289 2863 311 2901 7
345 2856 556 2914 γίνονται
585 2861 628 2903 Α
653 2862 667 2915 ΙΙ
694 2864 861 2903 10-11
897 2859 1118 2915 τρισήμου
1150 2859 1249 2915 εἴδη
1283 2859 1367 2904 δύο
1403 2860 1462 2908 Υ,
1504 2858 1602 2914 εἶ’δη
1637 2859 1722 2903 δύο
1754 2876 1849 2914 τρι-

168 2916 375 2973 ἅήμουΧ
389 2920 403 2974 ΙΙ
423 2923 473 2961 11
494 2919 544 2962 δὲ
563 2932 649 2962 om.
663 2920 706 2962 A
723 2921 736 2974 H
757 2924 810 2961 14
833 2919 885 2963 τὸ
904 2918 991 2962 del.
1006 2918 1250 2974 Hoersch.n
1267 2923 1318 2962 17
1334 2918 1390 2962 τὰ
1409 2917 1508 2974 εἴδη
1527 2918 1615 2962 del.
1629 2918 1847 2962 Hoersch.

255 3000 517 3032 memns'mo
543 3002 599 3032 ed.
619 3000 908 3033 Consbruch.
1529 2997 1581 3036 17

4 2416 23 2551 ἑ

7 2573 33 3168 ἱ
286 2686 311 2724 6
345 2681 588 2740 ἐπιπλοκή]
621 2682 734 2725 Mar.
752 2681 873 2725 Vict.
895 2681 956 2724 VI
982 2687 1051 2737 63,
1071 2687 1122 2725 11
1140 2697 1237 2738 sqq.
1283 2687 1353 2736 94,
1373 2687 1398 2725 6
1432 2681 1661 2738 (Heliod.).
1706 2686 1775 2734 75,
1802 2686 1848 2736 33
