2060 3168
246 179 352 232 278
823 181 1055 222 ΣΧΟΛΙΑ
1085 181 1121 220 Β
1155 178 1252 235 (lib.
1277 179 1356 235 IV)

247 316 383 383 λαβὴ
441 314 843 385 ἐπιφερομένου
899 312 1208 380 ἐγκλιτικοῦ
1262 312 1353 366 καὶ
1407 313 1933 383 προαναπέμποντος

247 395 307 448 ἐν
346 396 481 466 αὐτῇ
523 405 585 466 τῇ
628 397 872 464 συλλαβῇ
911 393 1009 446 τὸν
1048 396 1218 446 τόνον
1248 397 1446 461 μείζων
1478 393 1592 447 ἐστὶ
1626 404 1718 463 τῆς
1751 395 1934 457 ἁπλῶς

246 475 683 546 ὀξυτονουμένης
724 474 860 544 [καὶ]
901 476 971 542 μὴ
1019 473 1424 543 ἐπιφερομένου
1464 474 1772 542 ἐγκλιτικοῦ
1813 469 1935 528 οἷον

248 558 433 620 εΖεύς
479 559 571 611 ‘ce'
613 555 856 628 (1457),
905 558 1013 608 καί
1057 576 1122 608 τε
1168 555 1695 624 χαλιφρονέοντα
1736 554 1800 627 (ψ
1829 557 1934 627 13).

201 668 222 700 5
359 647 407 698 3.
447 647 590 716 ὑγρὰ
631 655 871 714 στοιχεῖα
913 644 1123 711 λέγεται
1163 646 1229 697 τὰ
1268 644 1590 714 ἀμετάβολα.

355 735 403 786 4.
445 736 476 803 ἡ
519 735 655 803 αὐτή
696 734 807 786 ε’στι
848 735 1268 802 συνεκφώνησις
1307 733 1338 801 ἡ
1380 732 1469 785 καὶ
1511 735 1801 802 συνίζησις.

355 823 403 875 5.
443 821 730 892 κατάληξις
766 820 857 875 καὶ
898 816 1163 884 ἀπόθεσις
1203 823 1412 875 ταύτόν
1453 821 1581 874 ἐστι.
1969 830 2060 885 (114

356 911 403 963 6.
443 911 766 964 κατακλεῖδα
806 925 942 979 φησι
981 912 1079 963 τὸν
1111 914 1218 981 πρὸ
1252 919 1345 979 τῆς
1376 915 1772 978 καταληκτικῆς
1805 914 1936 963 συλ-
1970 921 2025 960 17

245 996 413 1062 λαβῆς
451 995 594 1045 πόδα
631 994 762 1061 μετὰ
801 993 890 1045 καὶ
931 993 1099 1062 αὐτῆς
1137 1001 1232 1062 τῆς
1272 994 1567 1060 συλλαβῆς.

179 1105 220 1136 10
360 1082 403 1133 7.
458 1082 788 1134 δακτυλικὸν
834 1084 1124 1152 τρίμετρον
1169 1082 1565 1150 καταληπτικὸν
1613 1083 1690 1143 εἰς
1738 1084 1938 1133 συλλα-
1969 1091 2060 1146 (144

243 1165 365 1231 βήν,
398 1165 458 1216 τὸ
491 1163 835 1230 καλούμενον
867 1164 1287 1233 πενθημιμερές,
1320 1164 1511 1215 ποδῶν
1545 1163 1646 1214 δύο
1680 1161 1771 1214 καὶ
1805 1166 1936 1214 συλ-

244 1247 413 1313 λαβῆς
461 1243 576 1297 ἐστι
620 1252 766 1310 μιᾶς·
825 1241 1251 1314 (πενθημιμερὲς
1302 1242 1362 1296 δὲ
1417 1248 1684 1311 καλεῖται,
1740 1243 1822 1296 ὅτι
1871 1244 1937 1296 τὰ

244 1326 347 1378 δύο
387 1327 556 1394 ἥμισυ
599 1325 947 1393 ἀναλυόμενα
987 1325 1149 1378 πέντε
1187 1325 1323 1396 μέρη
1356 1326 1597 1394 <ἥμισυ>
1637 1322 1935 1396 ποιοῦσιν.)

245 1408 503 1469 ὡσαύτως
540 1408 629 1459 καὶ
668 1408 729 1459 τὸ
767 1407 1098 1460 δακτυλικὸν
1136 1408 1500 1477 τετράμετρον
1538 1407 1937 1475 καταληκτικὸν

179 1509 219 1542 15
246 1491 322 1550 εἰς
377 1491 684 1556 συλλαβήν,
739 1489 800 1541 τὸ
856 1489 944 1540 καὶ
995 1487 1390 1558 ἑφθημιμερές,
1445 1489 1633 1540 ποδῶν
1683 1487 1936 1557 ὑπάρχον

242 1579 411 1636 τριῶν
450 1570 636 1638 ἥμισυ,
678 1571 923 1638 φανερὸν
963 1570 1045 1622 ὅτι
1087 1569 1219 1622 ἑπτὰ
1257 1569 1392 1638 μέρη
1433 1569 1601 1638 ἥμισυ
1643 1571 1764 1637 ἔχει.

356 1659 403 1710 8.
455 1658 934 1725 ὑπερκατάληκτον
979 1655 1080 1725 μὲν
1129 1660 1206 1720 εἰς
1254 1659 1593 1725 δισύλλαβον
1634 1657 1765 1709 ὅταν
1804 1659 1937 1726 μετὰ

245 1742 510 1807 συζυγίαν
550 1740 652 1792 δύο
694 1738 963 1807 συλλαβαὶ
1002 1739 1402 1808 καταλήξωσιν·
1444 1741 1521 1800 εἰς
1560 1739 1843 1806 συλλαβὴν
1876 1739 1937 1791 δὲ

245 1821 377 1873 ὅταν
415 1821 548 1889 μετὰ
580 1822 679 1888 τὴν
713 1823 976 1887 συζυγίαν
1009 1822 1254 1889 συλλαβὴ
1288 1825 1383 1890 μιά
1416 1820 1699 1891 καταλήξῃ.
1740 1821 1934 1874 ἀκατά-

178 1924 220 1956 20
246 1905 445 1969 ληκτον
493 1902 554 1954 δὲ
603 1902 735 1954 ὅταν
781 1901 813 1969 ἡ
863 1904 1094 1970 συζυγία
1141 1902 1454 1971 ἀπαρτισθῇ
1504 1904 1581 1964 εἰς
1627 1903 1728 1970 τὴν
1775 1903 1936 1954 κατά-

247 1981 414 2050 ληξιν.
500 1983 897 2051 καταληκτικὸν
952 1984 1029 2045 εἰς
1085 1984 1425 2050 δισύλλαβον
1473 1983 1605 2034 ὅταν
1658 1984 1792 2051 μετὰ
1838 1983 1936 2036 ἕνα

243 2065 387 2116 πόδα
427 2065 694 2132 συλλαβαὶ
735 2065 837 2116 δύο
874 2063 1266 2133 καταλήξωσιν,
1307 2065 1444 2116 ὥστε
1476 2065 1621 2133 παρὰ
1653 2066 1936 2132 συλλαβὴν
1968 2072 2060 2128 (1415

244 2150 639 2215 πεπληρῶσθαι
679 2146 779 2214 τὴν
820 2147 1096 2212 συζυγίαν.
1159 2145 1556 2213 καταληκτικὸν
1596 2145 1656 2197 δὲ
1695 2147 1774 2207 εἰς
1806 2150 1935 2198 συλ-

247 2227 420 2295 λαβὴν
460 2227 593 2279 ὅταν
630 2227 763 2292 μετὰ
797 2226 892 2278 ἕνα
924 2228 1070 2279 πόδα
1103 2229 1180 2288 εἰς
1211 2228 1494 2294 συλλαβὴν
1527 2227 1676 2296 λήξῃ,
1717 2231 1934 2279 λειπου-

365 2415 390 2452 5
423 2408 480 2452 cf.
508 2421 574 2453 ex.
602 2424 667 2466 gr.
696 2407 853 2451 Choer.
873 2413 1036 2462 198,17
1064 2412 1076 2462 l!
1104 2415 1128 2452 6
1147 2432 1202 2446 =
1222 2408 1395 2452 schole*
1418 2413 1582 2464 106‚15
1608 2411 1622 2465 ΙΙ
1648 2414 1670 2452 7
1687 2431 1741 2445 =
1762 2408 1936 2452 schol.A

248 2472 346 2521 113,
364 2473 429 2510 16.
466 2467 625 2512 Choer.
653 2472 752 2521 220,
772 2471 796 2510 9
821 2469 836 2521 ΙΙ
861 2473 974 2510 8-9
1009 2468 1065 2511 cf.
1093 2468 1266 2512 sch01.D
1291 2473 1387 2520 118,
1408 2474 1546 2523 bsqq.
1581 2468 1750 2511 schol.1’
1769 2482 1814 2523 p.
1836 2473 1934 2521 147,

249 2532 418 2568 19—21
455 2527 524 2570 ed.
554 2526 762 2582 WVestph.
798 2526 886 2582 (Pr.
915 2529 987 2583 32>
1023 2529 1037 2584 ΙΙ
1073 2532 1241 2570 10-16
1277 2527 1332 2570 cf.
1368 2527 1542 2571 schol.A
1565 2531 1855 2582 128,11-13
1888 2531 1936 2570 et

250 2590 421 2628 17—-19
447 2587 460 2641 ιι
488 2590 711 2638 17-279,
732 2591 756 2627 2
783 2608 837 2622 =
865 2586 1038 2629 sch01.A
1061 2591 1158 2639 132,
1179 2591 1405 2639 23—133,
1425 2591 1447 2628 7

368 2752 392 2788 2
435 2748 480 2796 ἐς
519 2747 665 2803 αὐτὴν
698 2747 803 2803 (del.
837 2754 891 2804 τῇ
933 2751 1070 2801 συλλ.)
1103 2748 1322 2791 Hoersch.
1370 2751 1384 2804 Η
1440 2754 1463 2790 3
1503 2748 1583 2791 καὶ
1615 2762 1701 2791 om.
1729 2747 1887 2792 Choer.
1922 2748 1936 2806 Η

252 2809 304 2847 13
338 2804 505 2860 ἡμίσεα
541 2806 677 2850 inser.
713 2806 930 2850 Hom-sch.
979 2810 993 2862 11
1042 2812 1214 2851 14-15
1247 2822 1315 2850 vv.
1349 2807 1684 2878 καταλῃκτικὸν
1717 2807 1783 2856 εἰς
1814 2809 1932 2850 συλλ.

248 2863 325 2906 hio
350 2865 509 2906 insunt
533 2865 580 2907 in
600 2866 668 2908 ed.
685 2865 817 2917 Flor.,
845 2866 952 2920 posss
977 2865 1289 2922 ἑφθημιμερές
1311 2867 1380 2921 kp
1397 2866 1411 2924 {¹
1432 2871 1484 2909 16
1502 2866 1640 2922 ήμισυ
1666 2866 1803 2923 (alt.)]
1829 2862 1934 2922 ἡμί-

245 2937 332 2967 σεα
364 2923 583 2966 Hoersch.
610 2927 623 2979 Η
650 2930 704 2967 24
737 2924 866 2982 λήξῃ]
900 2924 1130 2982 καταλήξῃ
1163 2924 1380 2968 Hoersoh.
