2090 3158
0 1057 92 1120 [⁷1]

0 2145 96 2186 ‚194

0 2305 92 2365 [⁷3]

130 192 240 233 XI4.
255 200 288 233 5.
322 191 408 231 XII
426 200 511 232 1-3
543 191 686 232 ΠΕΡΙ
717 190 842 232 ΤΟΤ
873 185 979 231 ΑΠ’
997 190 1373 231 ΕΛΑΣΣΟΝΟΣ
1403 189 1666 231 ΙΩΝΙΚΟΤ
1713 186 1815 239 147

130 325 299 387 ποδὸς
329 327 593 393 βραχεῖαν
624 325 979 393 μηκύνοντες,
1019 324 1048 377 ὅ
1081 323 1197 377 ἐστι
1234 324 1532 376 σπονδεῖον
1563 323 1662 375 τὸν
1695 323 1819 375 δεύ-

130 425 291 476 τερον
330 405 545 458 ἁπλοῦν
591 407 735 459 πόδα
779 407 1131 474 ποιήσαντες,
1178 405 1252 468 ὡς
1289 402 1420 467 ἔθος
1458 410 1532 476 τῷ
1566 405 1819 475 τροχαίῳ.

242 487 328 556 37,
358 488 511 555 lsqq.
547 488 688 540 ὅπου
729 489 831 556 μὲν
869 486 923 551 ἐξ
966 488 1193 540 ἰωνικοῦ
1226 486 1332 538 ἀπὸ
1365 487 1625 555 βραχείας
1657 484 1818 553 ἀρχο-

128 567 325 638 μένου,
373 568 506 638 ὅπερ
548 568 661 622 ἐστὶ
702 576 1006 622 παιωνικοῦ
1049 568 1339 636 δευτέρου,
1390 565 1480 620 καὶ
1522 574 1817 636 τροχαϊκοῦ

130 649 461 718 ἕπτασήμου,
500 652 620 719 ἤτοι
662 649 941 720 ἐπιτρίτου
982 649 1245 718 δευτέρου
1287 650 1358 712 ὡς
1397 649 1457 701 τὸ
1498 657 1720 716 πρῶτον

352 730 549 784 δέδυκε
588 733 690 800 μὲν
729 732 763 784 ἁ
802 732 1021 800 σελάνα,

129 812 268 865 ὅπου
316 809 475 880 <δὲ>,
524 813 595 876 ὡς
641 815 987 882 προείρηται,
1035 811 1088 875 ἐξ
1139 814 1378 866 ἰωνικῶν
1425 817 1688 882 καθαρῶν
1727 810 1817 864 καὶ

130 903 450 963 τροχαῖκῶν.
482 926 554 932 -
594 897 655 948 τὸ
698 891 800 948 οὖν
841 894 873 947 ἁ
914 895 1153 946 σελάνα
1194 893 1498 962 ἑπτάσημός
1539 892 1654 946 ἐστι
1692 913 1817 961 τρο-

129 978 309 1044 χαϊκή·
357 984 612 1045 τροχαῖος
651 977 753 1045 γάρ
795 975 908 1028 ἐστι
955 975 1044 1028 καὶ
1093 976 1405 1038 σπονδεῖος·
1453 975 1666 1043 μακρὸν
1713 974 1815 1043 γάρ

128 1054 242 1109 ἐστι
282 1057 369 1109 καὶ
411 1058 471 1109 τὸ
512 1061 829 1111 τελευταῖον
867 1059 916 1109 ἆ.
957 1090 1028 1095 -
1070 1061 1221 1110 ἔστιν
1261 1053 1364 1110 οὗν
1403 1057 1463 1109 τὸ
1505 1057 1538 1109 ἁ
1578 1057 1818 1109 σελάνα

130 1137 401 1207 ἐπίτριτος
427 1139 701 1207 δεύτερος,
734 1147 829 1207 τῆς
852 1142 887 1191 ἆ
911 1141 1224 1201 τελευταίας
1249 1137 1370 1191 ἀντὶ
1403 1146 1613 1207 μακρᾶς
1644 1156 1817 1207 παρα-

129 1220 558 1289 λαμβανομένης.

841 1367 965 1437 Cap.
991 1367 1110 1422 XII.

240 1488 327 1555 37,
355 1489 422 1540 16
470 1487 719 1540 τουτέστι
766 1489 947 1557 τρίτος
992 1489 1186 1540 παίων.
1265 1489 1473 1555 γίνεται
1522 1486 1583 1539 δὲ
1621 1491 1818 1554 παλιμ-

127 1570 380 1638 βάκχειος
426 1578 536 1622 τῶν
583 1570 819 1637 πρώτων
859 1570 961 1622 δύο
1002 1571 1276 1637 βραχειῶν
1307 1570 1392 1637 ,εἰς
1431 1569 1646 1636 μακρὰν
1686 1583 1815 1620 συν-

130 1650 432 1718 αγομένων,
474 1651 609 1703 ὥστε
642 1654 901 1718 γίνεσθαι
935 1650 992 1702 ἐκ
1026 1651 1128 1703 δύο
1160 1659 1387 1718 μακρῶν
1418 1650 1505 1702 καὶ
1539 1651 1816 1719 βραχείας·

128 1739 227 1785 τοῦ
269 1732 330 1784 δὲ
371 1733 597 1785 ἰωνικοῦ
638 1741 749 1784 τῶν
788 1733 1022 1800 πρώτων
1054 1733 1158 1784 δύο
1191 1734 1464 1800 βραχειῶν
1497 1733 1572 1793 εἰς
1602 1732 1818 1801 μακρὰν

129 1812 525 1882 συναγομένων
564 1816 773 1881 γίνεται
815 1813 842 1866 ὁ
882 1815 1162 1881 μολοττός.

239 1895 326 1963 38,
351 1895 384 1947 9
426 1894 484 1947 ἐκ
524 1895 807 1963 τεσσάρων
848 1895 1103 1947 ῑωνικῶν·
1147 1894 1295 1947 ἐνδεῖ
1335 1894 1395 1947 δὲ
1436 1897 1680 1963 συλλαβῇ
1723 1895 1816 1946 διὰ

127 1976 188 2028 τὸ
236 1978 645 2043 καταληπτικόν.
724 1983 981 2029 τοιοῦτον
1027 1974 1118 2028 καὶ
1165 1978 1226 2029 τὸ
1275 1974 1387 2044 μετ’
1428 1975 1560 2028 αὐτὸ
1613 1976 1702 2028 καὶ
1753 1977 1814 2028 τὸ

128 2055 330 2127 ἕτερον.

238 2137 324 2206 38,
347 2138 412 2190 12
445 2139 505 2191 τὸ
540 2138 600 2191 δὲ
633 2138 664 2190 ἃ
698 2137 991 2206 οὐδέτερόν
1023 2137 1174 2191 ἐστιν
1206 2140 1440 2207 ἄρθρον,
1481 2136 1543 2191 ἐν
1574 2143 1813 2208 συστολῇ

126 2219 187 2271 τὸ
229 2240 262 2271 α
301 2217 445 2288 ἕχον,
486 2217 608 2271 ἀντὶ
649 2227 748 2271 τοῦ
789 2220 822 2271 ἅ
861 2239 998 2272 τινα.

238 2299 325 2367 38,
354 2300 421 2351 14
471 2301 536 2352 τὰ
588 2299 846 2368 εἰρημένα
895 2300 1253 2369 ἀνακλώμενα
1305 2299 1406 2352 οὐκ
1455 2300 1610 2352 εἰσίν.
1688 2300 1815 2351 οὔτε

129 2381 230 2449 γὰρ
281 2381 312 2448 ἡ
361 2380 553 2449 ἐσχάτη
604 2389 702 2433 τοῦ
754 2381 982 2435 ἰωνικοῦ
1030 2382 1211 2451 μακρὰ
1258 2377 1397 2434 οὖσα
1446 2381 1639 2449 γέγονε
1682 2382 1813 2448 βρα-

128 2470 263 2530 χεῖα,
305 2463 431 2514 οὔτε
470 2464 571 2530 τὴν
610 2464 904 2531 τροχαῖκὴν
946 2466 1185 2532 ἔχουσιν,
1227 2463 1364 2515 ἀλλὰ
1402 2462 1621 2530 καθαρά
1657 2463 1814 2514 εἰσιν.

129 2547 259 2605 ἴσως
300 2540 358 2595 δὲ
406 2542 530 2612 περὶ
571 2553 682 2595 τῶν
722 2543 841 2611 ἑξῆς
881 2544 909 2597 ὁ
951 2547 1127 2612 λόγος.
1174 2576 1246 2581 -
1298 2543 1706 2612 Γαλλιαμβικὸν
1753 2543 1814 2595 δὲ

248 2708 273 2746 3
314 2704 503 2747 ἰωνικοῦ
535 2702 770 2759 westph,
812 2703 1030 2761 ἰαμβικοῦ
1071 2704 1201 2747 codd.
1258 2706 1271 2760 ΙΙ
1325 2709 1350 2746 4
1391 2704 1672 2760 παιωνικοῦ]
1706 2703 1811 2746 fort.

129 2759 335 2813 παίωνος
387 2765 400 2818 ΙΙ
457 2767 478 2805 7
523 2762 572 2807 δὲ
614 2762 719 2805 add.
750 2762 960 2819 westph.
1021 2764 1026 2820 Ι
1085 2764 1145 2813 ὡς
1175 2762 1466 2820 προείρηται]
1501 2762 1558 2804 ad
1594 2767 1768 2816 36‚12?
1799 2780 1802 2812 1

132 2825 185 2862 13
219 2821 394 2864 scholia,
426 2822 563 2864 huius
596 2821 764 2877 capitis
804 2822 852 2864 in
885 2822 995 2865 solis
1028 2822 1160 2865 codd.
1194 2823 1289 2865 IM
1312 2825 1325 2878 Η
1353 2828 1405 2865 14
1437 2819 1592 2875 τρίτον
1624 2819 1813 2864 παίωνα

131 2879 262 2922 codd.
309 2883 323 2936 ΙΙ
377 2885 432 2923 20
466 2881 527 2924 ad
559 2886 629 2932 38,
657 2886 711 2923 10
744 2885 790 2923 ct,
825 2886 876 2923 12
909 2880 1154 2925 referenda
1207 2884 1221 2937 ΙΙ
1276 2887 1330 2923 22
1364 2881 1393 2924 ἃ
1428 2880 1611 2936 scripsi,
1646 2880 1814 2935 ἄνδρες

131 2937 260 2981 codd.
286 2941 300 2994 ΙΙ
325 2943 379 2982 26
411 2939 495 2994 τὴν
521 2939 699 2995 scripsi,
732 2940 782 2983 δὲ
808 2942 848 2991 Ι,
882 2941 939 2996 δὴ
966 2944 1039 2996 (ex
1071 2955 1184 2984 corr.
1196 2944 1232 2996 2³)
1254 2943 1312 2984 ΣΠ
1333 2943 1346 2996 Η
1372 2945 1423 2982 27
1452 2939 1702 2995 γαλλιακὸν
1717 2941 1747 2982 Ι
1756 2940 1816 2982 M

1462 3013 1543 3056 10*

1842 1076 1889 1107 10

1843 1590 1883 1621 15

1842 1997 1883 2029 20

1840 2405 1880 2436 25
