2090 3158
263 172 369 225 150
954 174 1187 234 ΣΧοΛΙΑ
1217 175 1257 215 A

258 309 415 361 τικὸν
462 306 703 376 ἐχούσης.
779 304 896 360 ἔστι
943 308 1002 360 δὲ
1053 308 1112 360 τὸ
1167 307 1368 375 μέτρον
1413 307 1716 360 παιωνικὸν
1761 308 1946 377 τετρά-

258 408 474 459 μετρον.

369 470 457 538 41,
485 470 554 523 10
607 471 668 522 τὸ
724 471 828 539 γὰρ
879 467 950 522 ἐν
997 469 1200 539 ἀγορᾷ
1254 469 1515 539 τέταρτον
1562 459 1778 522 παίωνα
1825 469 1944 523 ἀντὶ
1981 475 2078 535 [79]

258 559 358 605 τοῦ
383 554 604 619 πρώτου
631 550 871 614 ἐδέξατο·
899 553 1028 613 τοὺς
1053 552 1114 603 δὲ
1141 552 1242 604 δύο
1268 550 1388 619 ἑξῆς
1411 552 1664 620 πρώτους
1687 551 1944 613 παίωνας.

214 655 235 686 5
369 633 456 700 41,
486 632 551 685 15
591 633 759 685 πάλιν
798 633 858 684 τὸ
898 652 1006 694 τας
1045 634 1208 699 βοᾶν
1246 634 1507 701 κρητικὸν
1545 630 1854 702 παρέλαβεν
1887 632 1947 685 ἐν

258 714 402 785 μέσῳ
450 713 540 766 καὶ
588 713 647 765 τὸ
697 711 868 765 εἰσὶν
916 714 996 775 ὥς
1042 715 1316 782 κρητικόν.
1395 713 1534 775 ὅλως
1574 712 1635 764 δὲ
1674 713 1726 765 οἱ
1764 716 1947 765 τελευ-

257 804 401 848 ταῖοι
443 795 642 863 ὁμοίως
680 795 940 863 κρητικοί.
1004 827 1007 829 -

369 875 550 942 41,19
593 876 714 928 ὅλοι
761 877 1032 944 κρητικοί,
1084 883 1182 927 τοῦ
1231 878 1468 928 πότνια
1513 876 1573 928 τὸ
1613 878 1649 927 ἆ
1689 874 1808 927 ἀντὶ
1847 896 1945 941 μα-
1979 881 2077 940 [80]

258 966 391 1025 κρᾶς
437 963 505 1028 τᾷ
553 959 697 1028 λόγῳ
746 964 840 1024 τῆς
887 965 1074 1025 κοινῆς
1120 958 1264 1010 καθὸ
1313 955 1566 1024 κατέληξε
1607 957 1946 1024 λαμβανομέ-

192 1060 234 1091 10
259 1055 379 1107 νης·
419 1036 498 1090 ἔτι
540 1035 600 1090 δὲ
639 1036 729 1090 καὶ
770 1039 860 1090 διὰ
892 1039 993 1106 τὴν
1023 1047 1135 1091 τῶν
1167 1040 1269 1091 δύο
1303 1040 1624 1107 συμφώνων
1657 1037 1945 1106 ἐπιφοράν.

369 1120 463 1185 42,
498 1120 530 1171 3
590 1120 715 1171 ἰδοὺ
772 1120 826 1171 αἱ
888 1119 989 1187 μὲν
1043 1128 1189 1187 τρεῖς
1243 1121 1429 1188 βάσεις
1485 1118 1542 1172 ἐκ
1597 1127 1695 1172 τοῦ
1749 1139 1946 1172 πεντα-

257 1202 513 1270 βράχεος·
567 1201 598 1269 ἡ
640 1198 700 1253 δὲ
740 1201 964 1269 τετάρτη
1009 1200 1065 1253 ἐκ
1106 1208 1203 1253 τοῦ
1244 1201 1505 1269 τετάρτου
1547 1202 1811 1267 παίωνος,
1852 1208 1946 1267 τῆς

257 1286 319 1336 ἷκε
358 1284 525 1335 πάλιν
565 1282 626 1335 ἐν
664 1287 739 1353 τῷ
779 1284 1185 1351 νεβροχίτων
1226 1281 1347 1334 ἀντὶ
1380 1283 1635 1351 βραχείας
1665 1284 1945 1350 παραλαμ-
1979 1291 2062 1330 199

256 1363 574 1432 βανομένης.

192 1465 233 1498 15
370 1445 456 1513 42,
475 1446 507 1498 8
542 1443 629 1498 ἐπὶ
662 1446 727 1497 τὰ
757 1454 945 1512 πρῶτα
971 1443 1272 1514 ἀνατρέχει,
1305 1445 1445 1497 ὅπου
1470 1441 1575 1514 ἔφη
1603 1441 1942 1514 (40,14sqq.)
1978 1449 2076 1508 [81]

260 1525 668 1595 “ε’πιτηὸεύουσι
716 1527 1018 1595 λαμβάνειν
1065 1528 1210 1589 τοὺς’
1247 1527 1498 1595 πρώτους
1544 1525 1804 1586 παι’ωνας’
1854 1523 1944 1576 καὶ

256 1609 322 1660 τὰ
361 1606 497 1676 ἑξῆς,
536 1611 632 1660 καί
668 1622 804 1676 φησι
842 1610 903 1660 τὸ
944 1608 1139 1676 ὅμοιον
1176 1607 1268 1660 καὶ
1301 1606 1386 1659 ἐπὶ
1419 1616 1530 1659 τῶν
1560 1605 1944 1674 πενταμέτρων

258 1689 613 1757 πεποιηκέναι
657 1692 1000 1757 Θεόπομπον.

368 1770 551 1837 4215
594 1771 621 1824 ὁ
670 1773 773 1838 γὰρ
822 1773 1003 1822 παίων
1048 1772 1420 1840 πεντάχρονος
1468 1771 1581 1822 ἐστι
1627 1767 1718 1821 καὶ
1767 1769 1823 1821 οἱ
1866 1769 1943 1831 εἰς

191 1871 233 1902 ‘20
259 1852 391 1904 αὐτὸ
431 1853 491 1904 τὸ
531 1851 732 1922 με’τρον
770 1850 1144 1920 ἐμπίπτοντες,
1185 1852 1212 1904 ὅ
1248 1872 1305 1904 τε
1345 1851 1597 1921 κρητικὸς
1628 1849 1718 1902 καὶ
1751 1849 1779 1902 ὁ
1812 1853 1942 1918 βακ-

257 1942 425 2002 χεῖος,
489 1934 625 1986 ὥστε
688 1927 829 1986 εἶναι
890 1934 950 1985 τὸ
1008 1932 1300 2002 ἑξάμετρον
1353 1933 1645 2002 τριάκοντα
1707 1933 1942 2000 χρόνων·

257 2015 509 2076 πεντάκις
550 2015 651 2082 γὰρ
693 2014 746 2077 ἓξ
787 2015 1095 2083 τριάκοντα.
1174 2014 1274 2077 ἕως
1313 2015 1514 2067 τούτου
1555 2013 1615 2066 δὲ
1653 2014 1941 2081 προβαίνει

258 2095 290 2162 ἡ
339 2098 577 2163 ποσότης
621 2105 733 2147 τῶν
788 2095 848 2147 ἐν
895 2104 1009 2158 τοῖς
1055 2097 1262 2164 στίχοις
1308 2098 1524 2164 χρόνων
1570 2094 1705 2146 κατὰ
1745 2091 1942 2160 “Ηφαι-

258 2179 480 2228 στίωνα·
521 2175 636 2229 ἐπεὶ
675 2175 803 2228 καθ’
843 2176 1060 2245 ἑτέρους
1100 2178 1190 2229 καὶ
1230 2176 1331 2238 ἕως
1371 2173 1475 2244 λβ’.
1553 2175 1690 2227 ὅθεν
1728 2175 1794 2226 τὰ
1833 2174 1940 2227 ὑπὸ

190 2277 231 2308 25
257 2258 316 2309 τὸ
371 2261 559 2324 τρίτον
613 2257 773 2324 γένος
827 2268 938 2310 τῶν
990 2259 1182 2311 ποδῶν
1236 2258 1308 2320 ὡς
1358 2254 1552 2326 ἔχοντα
1599 2254 1652 2318 ἓξ
1707 2258 1938 2324 χρόνους

257 2338 523 2391 οὐδέποτε
577 2347 724 2391 ποιεῖ
779 2337 1071 2407 ἑξάμετρον
1130 2340 1543 2408 ὑπερπίπτοντα
1597 2338 1696 2389 τὸν
1752 2337 1817 2388 λ’.
1871 2367 1939 2373 —

256 2421 399 2487 πλὴν
455 2424 778 2488 σημείωσαι,
834 2420 917 2472 ὅτι
971 2422 1031 2473 τὸ
1087 2420 1346 2489 κρητικὸν
1398 2418 1647 2487 διαφέρει
1693 2419 1829 2486 πρὸς
1875 2418 1940 2469 τὰ

258 2501 397 2553 ἄλλα
453 2500 633 2570 με’τρα.
725 2502 790 2552 τὰ
843 2498 945 2568 μὲν
999 2502 1103 2570 γὰρ
1160 2503 1296 2554 ἄλλα
1356 2499 1470 2552 κατ’
1521 2499 1816 2567 ἀφαίρεσιν
1876 2499 1941 2550 τὰ

377 2636 528 2673 8-10
563 2631 721 2674 Choer.
749 2636 819 2684 83,
839 2635 1010 2674 20—25

375 2746 402 2783 4
419 2742 503 2785 δύο
522 2741 748 2798 Westph.‚
767 2739 988 2796 τέσσαρας
1004 2744 1096 2786 ΙΜ
1126 2750 1127 2780 ἶ
1146 2748 1170 2786 5
1196 2759 1278 2792 τας
1294 2756 1380 2785 om.
1402 2742 1503 2784 IM
1523 2744 1536 2797 ΙΙ
1563 2746 1585 2783 7
1605 2739 1773 2796 ὁμοίως
1786 2740 1938 2793 Turn,

258 2797 378 2855 ὅμως
395 2802 493 2844 ΙΜ
512 2800 526 2858 Η
550 2804 575 2843 8
593 2801 664 2903 cb}
682 2807 761 2856 τῆς
778 2800 919 2842 Pauw
937 2803 950 2856 Η
968 2805 992 2843 9
1019 2800 1232 2856 κατέληξε
1250 2800 1392 2855 Caes,
1418 2800 1627 2855 κατέμιξε
1644 2800 1769 2857 ΙΜΗ
1789 2804 1842 2843 10
1868 2798 1936 2858 δὲ]

255 2875 304 2902 τε
318 2861 373 2914 ΙΙΙ
391 2864 442 2902 17
461 2875 637 2915 πενταμ
663 2876 782 2912 τρων
797 2859 950 2912 Panw,
976 2859 1288 2915 τετραμέτρων
1306 2862 1404 2904 ΙΜ
1417 2862 1430 2915 Η
1449 2864 1503 2901 24
1531 2857 1711 2911 ἑτέρους
1726 2858 1935 2902 Is.Tze1:Z.

257 2917 342 2960 ΑΡ
366 2918 385 2959 Ι
411 2923 480 2970 95,
504 2922 571 2970 30,
607 2917 761 2972 ἕτερον
794 2920 893 2961 ΙΜ
917 2921 921 2974 Ι
953 2916 1066 2962 ὅθεν
1098 2919 1170 2962 vel
1203 2919 1342 2962 ἔνθεν
1374 2918 1518 2971 Kroll,
1552 2918 1671 2962 ἔνθα
1705 2918 1836 2961 codd.
