2090 3158
183 145 289 197 120
876 143 1107 184 ΣΧΟΛΙΑ
1139 143 1178 183 A

294 279 480 348 ἐπειδὴ
522 279 582 332 δὲ
630 278 731 331 οὐκ
781 276 1055 346 ἐνδέχεται
1105 277 1296 344 στίχον
1335 276 1873 346 τριακαιτριακοντά-

183 377 359 430 σημον
399 358 558 427 εἶναι,
598 358 712 413 ἀλλ’
755 361 806 412 εἰ
843 359 1116 426 εὑρεθείη,
1155 357 1413 423 περίοδος
1448 361 1708 424 καλεῖται,
1748 359 1876 426 ἄχρι

181 444 383 496 τούτου
432 444 558 510 ἔστη
607 441 634 494 ὁ
682 440 888 492 κανών·
942 441 992 491 εἰ
1037 439 1098 492 δὲ
1143 439 1363 508 καθαρὰ
1410 435 1479 506 ἦν
1525 439 1591 491 τὰ
1633 439 1873 507 ἰαμβικά,

186 524 398 593 ἐδέχετο
439 524 529 576 καὶ
569 523 663 585 τὰς
703 522 871 584 ἄλλας
911 521 1013 573 δύο
1053 520 1435 590 παραυξήσεις.
1504 518 1674 588 Ἰἐπεὶ
1715 517 1774 572 δὲ
1808 520 1873 573 οὐ

138 628 157 660 5
187 605 398 675 δέχεται
438 606 669 672 συζυγία
709 602 1015 671 ἑπτάσημος
1054 602 1145 654 καὶ
1185 602 1505 670 ὀκτάσημος,
1550 600 1653 664 ἕως
1692 601 1878 654 αὐτῶν

185 685 445 755 ἔστησαν,
485 686 586 753 τὴν
624 684 797 754 μέσην
836 692 1034 753 κρᾶσιν
1075 683 1428 750 ὁδεύσαντες,
1469 684 1572 736 δύο
1613 685 1876 751 ποιήσαν-

186 787 273 830 τες
299 766 642 835 ἑπτασήμους
665 766 755 818 καὶ
773 766 873 834 τὴν
898 766 1225 829 κατακλεῖδα
1249 765 1619 833 πεντάσημονε
1638 764 1888 817 ——ADI

298 849 438 901 idem
495 847 738 900 scholion
793 847 848 898 in
901 844 945 898 G
996 847 1092 899 Sic:
1156 847 1282 916 ἄχρι
1328 856 1440 899 τῶν
1493 846 1881 915 πενταμέτρων

187 931 720 999 βραχυκαταλήκτων
767 926 881 981 ἐστὶ
927 929 987 980 τὸ
1031 928 1288 996 ἰαμβικὸν
1327 927 1551 997 μέτρον·
1604 928 1670 980 οὐ
1713 928 1879 980 δύνα-

121 1035 163 1067 10
187 1032 276 1064 ται
317 1012 376 1064 δὲ
415 1009 505 1062 καὶ
545 1012 818 1079 πρόσθεν,
852 1010 943 1062 διὰ
983 1010 1044 1061 τὸ
1086 1011 1157 1077 μὴ
1197 1010 1477 1062 δύνασθαι
1510 1011 1699 1078 στίχον
1731 1029 1880 1079 τρια-

187 1093 535 1161 κοντάσημον
580 1086 742 1144 εἶναι·
785 1093 836 1143 εἰ
877 1089 980 1160 γάρ
1025 1109 1133 1143 που
1176 1090 1455 1161 εὑρεθείη,
1494 1092 1749 1161 περίοδος
1788 1111 1881 1143 κα-

188 1179 380 1227 λεῖται·
437 1173 747 1241 ὀκτάσημον
802 1173 863 1225 δὲ
912 1174 1178 1240 συζυγίαν
1234 1173 1299 1225 οὐ
1358 1172 1590 1241 δέχεται·
1644 1173 1731 1225 διὸ
1781 1173 1883 1240 τὴν

188 1255 359 1324 μέσην
407 1255 658 1307 ὥδευσαν
707 1255 808 1307 δύο
857 1256 1186 1322 ποιήσαντες
1242 1252 1583 1323 ἑπτασήμους
1638 1254 1726 1306 καὶ
1781 1255 1883 1322 τὴν

189 1337 514 1389 κατακλεῖδα
559 1334 886 1404 ἑπτάσημον.

127 1522 167 1554 15
919 1497 1044 1567 Cap.
1071 1497 1161 1551 VI.

305 1603 613 1664 ἀκόλουθος
652 1598 721 1669 ἧν
761 1600 788 1654 ὁ
831 1603 994 1670 λόγος
1033 1603 1166 1669 μετὰ
1205 1604 1265 1655 τὸ
1309 1602 1565 1670 ἰαμβικὸν
1600 1602 1755 1670 ἥκειν
1794 1600 1882 1654 ἐπὶ
1918 1613 2002 1653 154

191 1685 251 1736 τὸ
291 1685 596 1753 τροχαϊκόν.
659 1683 872 1751 γένεσις
912 1684 1014 1752 γὰρ
1055 1693 1361 1753 τροχαϊκῶν
1396 1686 1605 1752 ἴαμβος,
1646 1682 1760 1736 ἐπεὶ
1794 1684 1882 1736 καὶ
1918 1693 2017 1752 [35]

193 1767 254 1817 ἓν
294 1765 503 1833 ἀμφοῖν
544 1763 723 1832 γένος·
766 1763 870 1817 ἀπὸ
913 1765 1015 1833 γὰρ
1057 1773 1150 1832 τῆς
1191 1765 1357 1832 αὐτῆς
1394 1765 1624 1833 ὁρμᾶται
1658 1763 1878 1817 ἐπιπλο-

194 1855 291 1914 κῆς
336 1846 401 1898 τά
446 1865 504 1898 τε
553 1847 776 1913 ἰαμβικὰ
823 1846 912 1898 καὶ
960 1847 1025 1898 τὰ
1071 1847 1358 1914 τροχαϊκά,
1410 1854 1504 1914 τῆς
1543 1845 1884 1914 καλουμένης

129 1951 171 1982 20
195 1930 462 1997 τρισήμου
511 1927 542 1995 ἢ
592 1925 861 1995 έξασήμου
910 1927 1197 1995 δυαδικῆς·
1255 1928 1391 1980 ὥστε
1438 1934 1512 1999 τῷ
1561 1929 1695 1980 εῖδει
1735 1929 1886 1999 μόνῳ

196 2017 295 2061 τοῦ
346 2011 603 2076 ἰαμβικοῦ
654 2009 918 2077 διαφέρει.
996 2007 1085 2061 καὶ
1126 2010 1185 2061 τὸ
1231 2004 1377 2072 εἶδος
1418 2009 1478 2061 δὲ
1518 2008 1689 2061 αὐτοῦ
1729 2007 1886 2077 γέγο-

320 2175 340 2211 1
378 2168 519 2212 schol.
547 2169 595 2211 in
622 2171 656 2212 Ι
681 2169 740 2211 ad
767 2182 866 2224 cap.
886 2169 990 2211 XIII
1015 2185 1058 2225 p.
1083 2173 1365 2224 199‚10—28
1383 2169 1455 2211 W.
1492 2169 1662 2212 soh01.1³
1692 2168 1788 2225 (lib.
1809 2169 1889 2224 ΙΙΙ)

198 2233 427 2344 13.·blOi11)9.
477 2228 619 2330 {Abris'a
648 2227 802 2280 Quint.
829 2243 873 2284 p.
903 2233 979 2283 32,
1000 2234 1067 2272 20.
1118 2229 1259 2272 BAV
1284 2234 1308 2271 3
1341 2244 1384 2284 p.
1415 2232 1481 2271 68.
1512 2233 1563 2271 71
1590 2230 1604 2284 ΙΙ
1631 2232 1684 2271 18
1719 2228 1890 2271 schol.B

201 2299 252 2343 (1
291 2323 298 2330 .
416 2292 455 2342 ὃ,

322 2426 344 2463 1
381 2420 480 2464 ἐπεὶ
510 2421 545 2462 Ι
596 2422 600 2477 Ι
659 2420 1247 2477 τριακαιτριακοντάσημον
1280 2422 1436 2470 Pauw,
1481 2418 1669 2477 μείζονα
1701 2417 1727 2475 ἢ
1760 2436 1889 2475 τρια-

202 2479 494 2536 κοντάσημον
526 2479 754 2535 Ἦθεΐῑρᾙ.,
794 2479 1196 2536 τριακοντάσημον
1229 2482 1332 2525 ΑΙ)
1365 2480 1507 2536 (idem
1540 2479 1689 2522 TzetZ.
1714 2478 1802 2522 AO
1827 2478 1891 2522 HI

205 2544 303 2592 311,
329 2543 365 2582 1.
400 2543 499 2592 313,
527 2540 585 2594 8),
616 2537 899 2594 τετράσημον
928 2541 975 2592 Ις
1010 2539 1065 2582 of.
1100 2540 1221 2582 infra
1254 2539 1427 2583 schol.A
1461 2554 1506 2595 p.
1539 2543 1642 2591 150,
1671 2542 1844 2582 22—26
1875 2539 1889 2594 ΙΙ

205 2603 229 2639 3
265 2598 384 2641 ἐστιν
418 2599 509 2641 DI
541 2600 554 2654 ΙΙ
590 2603 704 2640 4-5
739 2599 792 2640 οὐ
827 2596 1007 2655 δέχεται
1041 2599 1157 2652 AD,
1190 2600 1274 2642 οὐκ
1308 2597 1540 2655 ἐνδέχεται
1572 2599 1613 2651 Ι,
1646 2594 1729 2640 οὖν
1763 2595 1890 2640 ἐνδέ-

204 2673 333 2715 χεται
350 2656 560 2712 Westph.
587 2659 601 2712 ΙΙ
627 2662 651 2699 5
686 2655 901 2712 συζυγίας
933 2657 1222 2714 ἑπτασήμους
1254 2658 1333 2701 καὶ
1359 2655 1646 2712 ὀκτασήμους
1661 2655 1890 2711 Weshph.‚

206 2716 287 2758 sed
318 2716 446 2758 loeus
480 2716 685 2758 nondum
718 2717 908 2758 sanatus
942 2718 1012 2760 est
1035 2718 1049 2772 ΙΙ
1076 2722 1100 2759 6
1132 2724 1298 2771 κρᾶσιν
1324 2717 1440 2770 AD,
1471 2715 1602 2768 τάξιν
1635 2717 1669 2758 Ι
1689 2716 1694 2770 Ι
1722 2714 1890 2758 πεντά-

207 2788 352 2829 σημον
386 2774 568 2828 Caesar,
603 2773 863 2830 ἑπτάσημον
898 2775 1028 2818 codd.
1069 2778 1084 2831 ΙΙ
1131 2781 1182 2818 19
1216 2775 1272 2819 τὰ
1305 2775 1441 2833 (alb.)]
1476 2789 1561 2817 om.
1589 2776 1623 2818 I
1654 2776 1667 2830 ΙΙ
1707 2777 1762 2815 20
1794 2790 1889 2827 τρι-

208 2832 353 2888 σήμου
379 2831 405 2888 ἢ
431 2833 657 2889 Westph.,
680 2833 921 2890 τριμέτρου
948 2835 1079 2877 codd.
1110 2837 1115 2890 Ι
1145 2834 1269 2893 μόνῳ
1295 2836 1394 2888 DI,
1426 2833 1572 2891 μόνου
1597 2834 1642 2876 Α
1666 2834 1679 2888 ΙΙ
1705 2837 1758 2874 21
1786 2832 1890 2889 ἰάμ-

209 2893 292 2949 βου
327 2893 418 2935 DI
440 2896 444 2948 Ι
475 2894 597 2950 αὐτῷ
630 2895 679 2936 D
