2060 3168
633 141 701 182 111
740 141 884 182 ΠΕΡΙ
915 139 1316 181 ΔΑΚΤΤΛΙΚΟΤ
1711 135 1818 188 377

245 273 414 320 Ἰστέον
462 271 536 328 δέ,
574 270 652 317 ὅτι
699 273 760 324 ὡς
806 271 883 317 ἐπὶ
929 278 1010 316 τοῦ
1059 271 1277 329 ἰαμβικοῦ
1316 271 1397 315 καὶ
1434 277 1516 315 τοῦ
1555 279 1823 329 τροχαϊκοῦ.

133 341 278 394 οὕτως
319 341 400 385 καὶ
432 341 508 386 ἐπὶ
538 346 622 384 τοῦ
654 341 933 383 δακτυλικοῦ
965 338 1046 382 καὶ
1078 336 1235 389 ἁπλῶς
1265 338 1341 382 ἐπὶ
1371 337 1562 382 πάντων
1595 337 1821 395 διμέτρων

131 407 159 464 ἢ
204 406 479 465 τριμέτρων,
526 409 872 462 καταληκτικῶν
918 403 947 461 ἢ
994 403 1323 459 ἀκαταλήκτων
1369 405 1450 448 καὶ
1495 412 1587 450 τῶν
1631 407 1822 458 λοιπῶν,

131 474 308 526 παντὸς
346 473 512 531 μέτρου
551 473 580 530 ἡ
619 470 858 517 τελευταία
898 471 1099 530 συλλαβὴ
1137 469 1403 527 ἀδιάφορός
1442 471 1556 524 ἐστι,
1599 471 1754 527 μακρὰ
1794 469 1820 527 ἢ

136 543 330 600 βραχεῖα
362 538 686 598 λαμβανομένη
720 537 1014 596 ἀπεριέργως.
1078 537 1159 582 διὰ
1190 545 1326 582 τοῦτο
1358 538 1446 582 καὶ·
1467 538 1520 582 τὸ
1545 539 1822 582 δακτυλικὸν
1868 549 1891 582 5

135 606 407 664 ἑξάμετρον,
454 606 495 651 εἰ
540 606 623 663 μὲν
663 604 984 662 ἀκατάληκτόν
1026 605 1150 659 ἐστι,
1180 603 1410 650 δάκτυλον
1450 603 1478 660 ἢ
1518 603 1822 662 ἀμφίμακρον

131 675 213 719 τὸν
244 676 509 718 τελευταῖον
541 671 724 730 δέχεται
755 671 896 726 πόδα,
928 672 989 722 ὡς
1019 671 1071 715 τὸ
1105 674 1138 729 (ι
1163 674 1267 728 347)

400 739 621 795 Κύκλωψ,
652 745 723 796 τῇ,
754 736 831 782 πίε
864 735 1010 792 οἶνον,
1042 739 1142 784 ἐπεὶ
1174 737 1322 796 φάγες
1352 738 1588 795 ἀνδρόμεα
1620 738 1746 795 κρέα.

57 810 102 864 0)
132 813 215 851 τοῦ
256 805 344 863 γὰρ
385 805 498 861 κρέα
536 805 588 850 τὸ
630 814 660 849 ᾶ
698 805 878 862 μακρὸν
918 806 968 850 ἐκ
1008 805 1224 861 κράσεως.
1290 806 1350 850 Εἰ
1381 804 1432 850 δὲ
1471 805 1823 863 καταληκτικόν,

131 875 173 919 εἰ
212 873 296 929 μὲν
336 873 402 923 εἰς
440 872 742 930 δισύλλαβον,
780 871 922 916 πάλιν
965 870 990 928 ἢ
1034 874 1282 916 σπονδεῖον
1313 871 1341 928 ἢ
1372 879 1614 930 τροχαῖον,
1659 872 1740 918 διὰ
1770 873 1821 916 τὸ
1848 883 1890 915 10

134 940 402 996 ἀδιάφορον
435 939 554 997 ἔχειν
586 938 671 995 τὴν
703 939 778 984 ἐπὶ
809 938 988 993 τέλους,
1029 940 1090 990 ὡς
1119 939 1170 983 τὸ
1204 939 1327 995 (Hes.
1355 953 1426 996 op.
1456 943 1540 984 548
1552 942 1636 996 sq.)

399 1007 522 1066 ἠῷος
553 1003 600 1049 δ’
631 1005 707 1050 ἐπὶ
739 1013 879 1062 γαῖαν
910 1003 994 1050 ἀπ’
1025 1007 1230 1061 οὐρανοῦ
1263 1004 1561 1062 ἀστερόεντος

400 1074 489 1130 ἀὴρ
523 1072 794 1129 πυροφόρος
823 1072 1009 1117 τέταται
1041 1072 1372 1130 μακάρων,ἐπὶ
1404 1072 1566 1131 ἔργοις.

132 1143 184 1187 τὸ
218 1141 301 1198 μὲν
333 1141 421 1199 γὰρ
447 1139 674 1196 πρότερον
701 1140 811 1190 ἔπος
834 1140 900 1190 εἰς
923 1147 1156 1196 τροχαῖον,
1187 1140 1239 1184 τὸ
1266 1139 1316 1185 δὲ
1350 1139 1569 1195 δεύτερον
1594 1141 1660 1192 εἰς
1683 1154 1824 1184 σπον-

133 1212 262 1254 δεῖον
293 1205 547 1262 ἀπαρτίζει.
613 1206 653 1250 εἰ
686 1206 738 1251 δὲ
770 1205 1106 1263 καταληκτικόν
1139 1207 1261 1251 ἐστιν
1295 1207 1360 1258 εἰς
1391 1205 1636 1265 συλλαβήν,
1666 1206 1696 1263 ἡ
1721 1210 1824 1250 συλ-
1850 1215 1892 1250 15

132 1275 250 1334 λαβὴ
288 1274 429 1319 πάλιν
470 1273 585 1330 αὕτη
628 1273 783 1330 μακρά
815 1273 939 1318 ἐστιν
970 1272 998 1330 ἢ
1032 1275 1225 1331 βραχεῖα
1258 1273 1339 1319 διὰ
1369 1274 1421 1318 τὸ
1453 1273 1734 1330 ἀδιάφορον.
1768 1300 1823 1306 -

132 1343 228 1386 Καὶ
259 1342 366 1397 περὶ
397 1340 480 1397 μὲν
512 1347 595 1385 τοῦ
628 1348 790 1384 κοινοῦ
824 1343 1102 1386 δακτυλικοῦ
1133 1348 1350 1384 τοσαῦτα.

253 1475 394 1531 Περὶ
417 1476 707 1519 Αἰολικοῦ.
762 1474 825 1518 Τὸ
860 1473 910 1519 δὲ
942 1473 1152 1518 καθόλου
1184 1474 1463 1518 δακτυλικὸν
1488 1478 1737 1528 διαιρεῖται
1762 1476 1827 1524 εἰς

133 1540 263 1599 τρία,
311 1541 377 1592 εἴς
415 1557 462 1585 τε
500 1542 552 1586 τὸ
593 1541 755 1585 κοινὸν
796 1539 1096 1595 δακτυλικόν,
1142 1541 1249 1595 περὶ
1292 1537 1346 1585 οὗ
1388 1540 1438 1584 ἐν
1476 1549 1573 1591 τοῖς
1611 1540 1824 1597 ἀνωτέρω

135 1608 521 1668 διελαμιβάνομεν,
553 1608 632 1652 καὶ
665 1608 732 1658 εἰς
761 1607 812 1652 τὸ
845 1607 1055 1652 αἰολικὸν
1087 1607 1167 1651 καὶ
1198 1607 1249 1652 τὸ
1274 1607 1561 1662 καλούμενον
1592 1610 1825 1666 λογαοιδι-
1851 1621 1896 1652 20

135 1674 232 1721 κόν.
295 1674 515 1720 Αἰολικὸν
554 1675 637 1730 μὲν
678 1671 761 1718 οὖν
802 1674 947 1727 ἐστιν,
989 1671 1099 1729 ὅπερ
1139 1673 1258 1718 κατὰ
1296 1673 1381 1730 τὴν
1419 1674 1567 1731 ἀρχὴν
1608 1675 1713 1718 ἀντὶ
1742 1681 1825 1719 τοῦ

134 1744 321 1799 πρώτου
359 1742 506 1791 ποδὸς
545 1740 726 1798 δέχεται
765 1739 848 1785 ἕνα
887 1748 979 1784 τῶν
1019 1740 1328 1799 δισυλλάβων,
1369 1738 1470 1784 οἷον
1510 1742 1759 1784 σπονδεῖον
1797 1739 1825 1796 ἢ

134 1816 354 1867 τροχαῖον
386 1807 412 1864 ἢ
447 1807 618 1866 ἴαμβον
649 1806 677 1864 ἢ
710 1805 972 1865 πυρρίχιον,
1002 1808 1112 1858 τοὺς
1143 1806 1194 1852 δὲ
1227 1807 1395 1863 ἐφεξῆς
1418 1806 1598 1856 πάντας
1621 1805 1825 1863 ἀδιαφό-

137 1894 226 1933 ρως
258 1874 535 1927 σπονδείους
565 1874 592 1931 ἢ
627 1875 904 1928 δακτύλους,
936 1875 998 1926 ὡς
1028 1874 1108 1917 καὶ
1138 1874 1189 1917 τὸ
1222 1874 1383 1918 κοινὸν
1415 1872 1716 1928 δακτυλικόν,
1747 1874 1826 1916 καὶ

135 1943 220 2000 τὴν
254 1943 330 1988 ἐπὶ
360 1941 477 1986 τέλει
519 1943 800 1986 κατακλεῖδα
833 1939 1003 1998 ὁμοίως
1035 1943 1285 1985 σπονδεῖον
1317 1939 1344 1997 ἢ
1376 1947 1609 1997 τροχαῖον.
1672 1940 1827 1984 Αἰολι-
1853 1953 1896 1986 25

137 2010 222 2055 κὸν
262 2008 314 2054 δὲ
354 2007 609 2065 ὠνομάσθη
654 2007 734 2053 διὰ
765 2008 817 2052 τὸ
848 2008 956 2057 τοὺς
986 2008 1169 2058 Αἰολεῖς
1200 2008 1327 2067 αὐτῷ
1357 2006 1628 2063 κατακόρως
1658 2006 1828 2064 χρήσα-

139 2080 267 2120 σθαι.
333 2074 418 2130 ὄρα
451 2074 503 2120 δὲ
541 2083 639 2125 πῶς
676 2075 752 2119 ἐπὶ
792 2082 882 2118 τῶν
914 2081 1051 2129 τριῶν
1093 2071 1258 2131 στίχων
1290 2082 1382 2118 τῶν
1416 2073 1698 2118 ἐκτεθέντων
1732 2074 1829 2118 ἑπι-

138 2140 477 2199 τετηδευμένως
516 2141 540 2186 ὁ
581 2140 663 2197 μὲν
703 2150 883 2196 πρῶτος
920 2148 1139 2198 τροχαῖον
1173 2140 1262 2198 ἔχει
1293 2141 1375 2184 τὸν
1408 2148 1589 2195 πρῶτον
1622 2138 1771 2191 πόδα,
1804 2138 1828 2183 ὁ

141 2210 192 2254 δὲ
224 2209 439 2263 δεύτερος
470 2210 720 2253 σπονδεῖον
751 2206 778 2264 ἢ
814 2207 997 2266 ἴαμβον,
1030 2206 1053 2251 ὁ
1087 2206 1138 2251 δὲ
1169 2205 1321 2262 τρίτος
1353 2205 1614 2264 πυρρίχιον,
1646 2205 1724 2250 ἴνα
1748 2212 1830 2262 τῆς

66 2274 108 2328 1)
141 2275 259 2319 κατὰ
299 2276 407 2325 τοὺς
443 2274 670 2330 τέσσαρας
701 2273 1005 2332 δισυλλάβους
1033 2279 1209 2330 τροπῆς
1239 2280 1322 2317 τοῦ
1353 2273 1575 2317 Αἰολικοῦ
1608 2273 1827 2318 ἐντεῦθεν
1853 2285 1898 2316 :30

141 2423 238 2482 (h‘b.
257 2422 313 2479 V)
346 2438 389 2479 p.
419 2427 518 2477 287,
536 2427 576 2475 8,
611 2437 716 2479 app.
741 2421 875 2465 Dion.
902 2437 946 2478 p.
967 2426 1147 2474 328,12,
1181 2421 1253 2465 Ps.
1272 2421 1421 2478 Heph.
1449 2426 1517 2474 85,
1539 2426 1605 2464 19.
1654 2420 1829 2465 ἀκατά-

141 2485 304 2539 ληκτος
334 2481 508 2525 dicitur
540 2495 567 2524 a
591 2481 712 2524 Max.
739 2480 865 2524 Plan.
894 2479 1016 2524 RhG
1033 2481 1074 2524 V
1091 2485 1191 2535 494,
1212 2486 1302 2534 153.
1321 2481 1376 2524 cf.
1405 2480 1533 2524 schol
1573 2480 1831 2524 Herodiani

144 2542 203 2585 ad
247 2543 287 2586 Ο
314 2545 395 2584 187
429 2540 614 2598 (Herod.
648 2540 690 2583 Π
723 2542 795 2595 93)
836 2542 883 2583 et
920 2540 1160 2584 Rauscher
1190 2540 1276 2596 (De
1317 2539 1457 2584 schol.
1491 2539 1675 2583 Homer.
1710 2539 1828 2583 Diss.

143 2602 250 2658 Arg.
277 2600 355 2656 XI)
390 2616 433 2657 p.
460 2605 515 2643 43
563 2602 579 2656 ss
625 2603 651 2643 8
685 2599 855 2643 schol.¹³
884 2599 980 2655 (lib.
1007 2599 1087 2644 ΠΒ
1112 2604 1212 2652 273,
1231 2604 1299 2642 23.
1357 2598 1498 2643 schol.
1532 2599 1581 2642 in
1612 2599 1827 2656 Hermog.

142 2659 263 2703 RhG
287 2659 372 2703 VII
396 2663 495 2709 985,
516 2662 735 2714 21-986,
754 2663 793 2702 8.
848 2658 998 2702 Diom.
1026 2658 1109 2702 GL
1132 2658 1153 2701 I
1178 2663 1278 2711 495,
1299 2662 1352 2702 18
1399 2661 1413 2715 ΙΙ
1460 2663 1516 2701 24
1557 2656 1832 2708 σπονδείους

143 2719 265 2762 male
298 2719 404 2762 add.
439 2718 611 2762 seh01.1³
639 2717 735 2774 (lib.
762 2717 841 2771 ΠΙ)
868 2722 967 2771 273,
986 2723 1063 2770 28;
1098 2717 1154 2762 ef.
1189 2717 1337 2774 Heph.
1366 2723 1435 2773 22,
1455 2723 1507 2760 21

266 2842 317 2879 11
360 2836 463 2894 τὴν]
502 2837 584 2881 τὸν
616 2837 723 2881 ΡΚ
771 2839 786 2893 ΙΙ
842 2840 895 2879 13
939 2834 1211 2891 πυροφόρος
1241 2834 1372 2889 Hes,
1411 2835 1655 2891 πυρφόρος
1686 2835 1792 2880 ΡΚ
1818 2843 1831 2891 ξ;

148 2900 204 2938 25
235 2897 344 2951 post
375 2893 546 2952 ὁμοίως
575 2895 713 2939 inser.
748 2894 976 2939 δάκτυλον
1010 2892 1036 2950 ἢ
1067 2894 1214 2951 Jung3
1248 2894 1303 2937 cf.
1339 2894 1509 2938 schol.¹³
1530 2900 1631 2950 274,
1653 2900 1763 2938 1-3
