2090 3158
29 1434 113 1474 174

590 170 699 210 VIII
716 181 733 211 1
767 169 910 210 ΠΕΡΙ
939 167 1401 210 ΑΝΑΠΑΙΣΤΠίθΤ
1732 168 1834 221 131

152 310 284 369 πῶς,
324 301 468 355 οὕτω
509 302 598 355 καὶ
638 304 840 357 τούτου
873 301 1034 371 γένος
1064 303 1166 372 μὲν
1198 302 1483 370 δάκτυλος,
1523 302 1736 371 γένεσις
1776 301 1836 357 δὲ

153 383 501 436 δακτυλικόν·
550 383 646 437 ἐὰν
691 386 795 453 γὰρ
835 386 968 451 μίαν
1006 383 1213 453 ἀφέλῃς
1251 391 1350 436 τοῦ
1391 385 1667 438 δακτύλου
1709 390 1837 438 συλ-

150 465 350 532 λαβήν,
404 465 465 518 τὸ
519 468 984 533 καταλειπόμενον
1036 466 1252 528 πάντως
1302 470 1384 533 εἴη
1441 465 1838 520 ἀναπαιστικόν

151 542 228 615 (A
253 546 324 598 84
356 544 478 618 etc.)
1437 587 1454 596 ,

298 627 732 696 ἀπαμειβόμενος
770 628 1020 699 προσέφη
1060 630 1234 692 πόδας
1274 628 1419 691 ὠκὺς
1458 626 1749 697 Ἀχιλλεύς·
1883 652 1902 683 5

149 706 238 760 καὶ
261 709 429 762 πάλιν
454 711 501 762 εῑ
526 712 829 779 προσθείης
852 713 1109 781 βραχείας
1133 711 1236 763 δύο
1263 711 1294 778 ἢ
1318 710 1535 780 μακρὰν
1549 712 1701 777 μίαν,
1714 702 1837 763 οἷον

295 790 383 842 καὶ
430 789 580 843 τόνδ’
620 791 1054 861 ἀπαμειβόμενος
1099 791 1350 862 προσέφη
1401 792 1573 853 πόδας
1621 791 1763 854 ὠκὺς

157 942 170 961 ἢ
1212 873 1484 943 Ἀχιλλεύς

295 1020 414 1072 τότε
454 1020 604 1073 τόνδ’
642 1021 1077 1091 ἀπαμειβόμενος
1115 1021 1367 1091 προσέφη
1406 1021 1578 1082 πόδας
1617 1020 1762 1083 ὠκὺς
1861 1045 1902 1077 10

1213 1102 1500 1173 Ἀχιλλεύς,

146 1179 346 1248 ὁμοίως
386 1183 783 1239 ἀναπαιστικὸν
822 1188 992 1238 ἔσταιε
1033 1217 1102 1223 -—
1127 1183 1398 1257 A(C)DI

258 1267 487 1334 ζητεῖται
538 1276 653 1329 πῶς
705 1268 766 1320 τὸ
823 1266 1218 1321 ἀναπαιστικὸν
1273 1264 1490 1329 ἐδέξατο
1542 1267 1639 1318 τὸν
1686 1263 1833 1317 ἀντί-

146 1351 323 1400 παλον
362 1346 638 1402 δάκτυλον
676 1351 853 1402 καίτοι
891 1350 990 1402 τὸν
1036 1349 1376 1402 ἀνάπαιστον
1420 1348 1491 1415 μὴ
1533 1345 1832 1415 δεξαμένου

144 1435 243 1480 τοῦ
284 1430 631 1483 δακτυλικοῦ.
710 1431 891 1500 φαμὲν
931 1426 1052 1498 οὖν,
1092 1431 1164 1492 ὡς
1203 1430 1263 1482 τὸ
1304 1428 1405 1496 μέν
1438 1428 1550 1480 ἐστι
1582 1428 1834 1497 καθαρὸν
1859 1446 1898 1478 15

144 1510 235 1563 καὶ
295 1513 471 1578 μόνου
535 1511 871 1580 ἀνεχόμενον
925 1513 1223 1564 σπονδειόυ
1281 1512 1576 1580 ἰσοχρόνου
1631 1529 1687 1562 τε
1742 1507 1829 1561 καὶ

146 1591 347 1660 ὁμοίως
387 1592 719 1662 ἀρχομένου,
759 1594 820 1646 τὸ
861 1594 922 1646 δὲ
961 1593 1357 1646 ἀναπαιστικὸν
1395 1589 1700 1653 εἰσεδέξατο
1740 1589 1829 1643 καὶ

143 1674 242 1726 τὸν
272 1677 828 1743 προκελευσματικόν·
863 1677 1014 1728 ἔστιν
1046 1670 1149 1728 οὖν
1182 1673 1243 1727 ἐν
1275 1674 1422 1745 αὐτῷ
1448 1673 1538 1725 καὶ
1571 1671 1599 1724 ὁ
1634 1672 1830 1724 δάκτυ-

144 1759 238 1817 λος
275 1754 308 1823 ἢ
350 1756 642 1818 σπονδεῖος
681 1756 759 1808 ὢν
800 1755 1188 1825 διαλελυμένος
1228 1754 1260 1823 ἢ
1299 1754 1831 1823 προκελευσματικὸς

143 1835 534 1906 συνῃρημένος.
608 1839 783 1900 ἄλλως
821 1858 878 1890 τε
916 1839 1051 1891 κατὰ
1082 1838 1343 1890 διποδίαν
1374 1837 1700 1905 βαινόμενος
1739 1835 1830 1887 διὰ
1855 1854 1897 1885 20

142 1918 243 1986 τὴν
281 1916 431 1984 μῖξιν
469 1921 639 1971 τόπον
679 1921 801 1988 ἔσχε
839 1920 1113 1987 ῒμαθεῖν,
1154 1919 1235 1972 ὅτι
1277 1917 1338 1971 ἐν
1380 1914 1537 1988 ἡρῴῳ
1578 1916 1827 1988 δακτύλῳ

142 1997 475 2067 ἐπαγόμενος
530 1999 862 2063 ἀνάπαιστος
916 2003 1220 2070 χαυνότητα
1274 2007 1422 2052 ποιεῖ
1475 1999 1567 2050 διὰ
1620 1998 1681 2050 τὸ
1738 1997 1829 2049 ἀλ-

142 2081 486 2149 λεπάλληλον
532 2091 644 2135 τῶν
689 2085 986 2151 βραχειῶν,
1042 2081 1103 2135 ἐν
1148 2081 1337 2151 μέντοι
1385 2080 1756 2151 ἀναπαιστικῷ
1799 2079 1826 2132 ὁ

142 2161 409 2225 δάκτυλος
432 2163 813 2232 κεκρυμμένην
837 2166 939 2231 τὴν
963 2162 1225 2226 σύνταξιν
1249 2171 1484 2216 ποιεῖται
1501 2169 1596 2229 τῆς
1619 2159 1827 2230 μίξεως.

140 2244 290 2306 τίνος
337 2239 398 2296 δὲ
444 2244 606 2313 χάριν
652 2245 712 2297 τὸ
763 2242 865 2312 μὲν
910 2246 1045 2298 κατὰ
1084 2246 1227 2298 πόδα
1266 2247 1326 2298 τὸ
1370 2244 1723 2308 δακτυλικόν,
1764 2243 1823 2294 τὸ
1852 2261 1893 2292 25

261 2393 286 2432 2
319 2387 405 2446 frg.
431 2388 473 2431 II
503 2405 547 2445 p.
579 2394 645 2432 77.
696 2390 867 2433 sohol.¹³
896 2389 992 2446 (lib.
1019 2390 1076 2447 H)
1109 2406 1153 2448 p.
1182 2396 1221 2445 6,
1241 2395 1384 2434 6-26

259 2511 284 2550 6
318 2505 428 2562 μίαν
460 2521 547 2550 om.
577 2509 666 2551 DI
690 2510 703 2563 ΙΙ
731 2512 784 2550 10
816 2506 929 2552 τόνδ
958 2507 1188 2565 westph,
1220 2506 1266 2552 δ’
1296 2509 1385 2553 ΑΙ
1410 2510 1577 2564 (totum
1610 2505 1825 2549 enuntia-

139 2566 239 2608 tum
272 2570 414 2609 9-—11
450 2566 580 2610 deest
619 2567 667 2609 in
703 2567 810 2621 OD)
865 2569 879 2622 ΙΙ
936 2572 989 2610 16
1021 2567 1166 2624 μόνον
1197 2569 1343 2612 ἀναδε
1378 2565 1544 2623 όμενον
1577 2567 1824 2610 σπονδεῖον

140 2621 383 2681 ἰσόχρονον
409 2661 416 2668 .
446 2661 454 2668 .
484 2661 492 2668 .
519 2625 777 2683 ἀρχόμενον
811 2627 932 2682 ΒΙΙΙ
959 2631 1012 2670 18
1046 2626 1094 2670 ἐν
1127 2628 1251 2684 αὐτῷ
1283 2645 1342 2671 κα
1395 2628 1458 2679 D,
1494 2626 1638 2669 αὐτοῦ
1670 2625 1750 2667 καὶ
1783 2626 1824 2677 Ι,

142 2681 190 2725 ἐν
222 2684 492 2742 αὐτῷΑΟΙΙ
519 2689 572 2728 19
605 2683 632 2740 ἢ
668 2684 690 2728 ὁ
718 2686 840 2742 AC}
870 2683 934 2729 ὢν
966 2699 1054 2729 om.
1081 2687 1209 2742 ΑΟΙΙ
1236 2691 1288 2729 19
1323 2684 1494 2741 ἢ-21
1533 2683 1601 2728 ὅτι
1634 2697 1720 2727 om.
1748 2684 1823 2739 Du

142 2745 195 2784 19
228 2740 255 2797 ἢ
288 2744 423 2799 (post.
450 2743 483 2800 l)
517 2757 604 2787 om.
632 2745 723 2788 AC
753 2747 766 2800 ΙΙ
792 2748 846 2786 20
880 2744 1222 2801 συνηρτημένος
1252 2746 1346 2790 AC
1366 2747 1379 2800 ΙΙ
1405 2749 1460 2787 20
1493 2743 1645 2789 διὰ-
1666 2747 1718 2785 21
1755 2739 1824 2786 ὅτι

140 2812 224 2843 om.
252 2802 287 2844 I
310 2803 324 2857 ΙΙ
356 2807 410 2846 21
445 2804 637 2860 μαθεῖν]
670 2803 988 2854 ἀνάπαιστοςὶ)
1015 2806 1020 2859 Ι
1050 2804 1119 2862 ἐν]
1152 2805 1193 2848 εἰ
1225 2803 1273 2847 ἐν
1307 2805 1396 2848 DI
1421 2807 1434 2860 ΙΙ
1459 2805 1718 2860 δακτυλικῷ
1746 2801 1783 2846 C
1810 2802 1823 2857 Ι

140 2862 195 2901 22
226 2859 527 2919 ἐπαγόμενος]
560 2860 836 2916 ἐπεφαίνετο
871 2864 958 2906 DI
982 2864 988 2919 Ι
1015 2864 1166 2921 ποιεῖ]
1200 2861 1398 2907 ἐνεποίει
1422 2864 1515 2907 DI
1535 2864 1542 2918 Ι
1570 2861 1823 2916 ἐπάλληλον

139 2918 288 2962 ACD
311 2922 324 2974 ΙΙ
349 2924 403 2962 23
439 2920 508 2978 ἐν]
539 2924 601 2978 τῷ
636 2922 673 2965 G
693 2923 706 2977 Η
731 2926 787 2964 24
819 2920 1092 2978 κεκριμένην
1127 2923 1287 2979 ΟΒΙΙ
1317 2922 1470 2981 (διὰ)
1501 2927 1583 2977 τῆς
1615 2920 1742 2966 Caes.

1497 2994 1555 3038 9*
