2060 3168
123 397 177 437 75

622 181 702 223 IX.
727 180 770 221 X
799 179 946 220 ΠΕΡΙ
974 178 1478 221 ΑΝΤῙΣΠΑΣΤῙΚΟΤ
1790 177 1897 230 237

946 385 1072 456 Gap.
1103 385 1169 438 X.

687 503 849 573 Περὶ
890 504 1428 558 ἀντισπαστικοῦ.

323 625 398 678 Τὸ
439 627 499 677 δὲ
539 624 941 678 ἀντιεπαετικὸν
980 626 1078 688 τὴν
1118 626 1213 689 μὲν
1252 620 1472 689 πρώτήν
1506 626 1753 687 ευζυγίαν
1793 625 1901 690 ἔχει

211 707 546 772 τρεπομένην
601 707 736 758 κατὰ
789 708 886 759 τὸν
941 706 1209 771 πρότερον
1254 706 1402 758 πόδα
1448 706 1522 758 εἰς
1567 706 1634 758 τὰ
1680 706 1903 771 τέεεαρα

211 792 307 840 τοῦ
349 787 666 853 διευλλάβου
707 789 959 853 (χήματα.
999 817 1069 824 -
1113 786 1164 840 U
1950 811 1969 844 5

325 869 400 922 Τὸ
456 869 859 922 ἀντιεπαετικόν
914 869 1022 934 ἔχει
1077 870 1172 933 μὲν
1226 870 1325 933 τὴν
1382 869 1602 934 πρώτην
1656 869 1902 930 (υζυγίαν

210 953 544 1015 τρεπομένην
599 952 734 1003 κατὰ
787 952 883 1003 τὸν
937 951 1206 1015 πρότερον
1256 951 1401 1003 πόδα
1448 951 1522 1003 εἰ(
1567 951 1635 1003 τὰ
1679 951 1904 1014 τέεεαρα

213 1033 453 1097 (χήματα
491 1036 589 1084 τοῦ
631 1032 963 1097 διευλλάβου,
1003 1033 1098 1084 τὰ(
1138 1034 1197 1084 δὲ
1230 1033 1288 1084 ἐν
1321 1033 1459 1102 μέεῳ
1492 1034 1727 1098 καθαρὰ(
1759 1032 1901 1085 ἀντι-

213 1114 507 1176 επαετικάε,
547 1115 644 1178 τὴν
685 1116 744 1166 δὲ
783 1114 1109 1175 τελευταίαν,
1150 1113 1319 1165 ὁπότε
1351 1113 1488 1165 ἐετὶν
1521 1112 1903 1178 ἀκατάληκτον,

213 1196 470 1260 ἰαμβικήν.
511 1226 580 1232 —
620 1195 686 1247 K
1928 1220 1971 1252 10

318 1281 493 1329 Δοκεῖ
513 1277 585 1345 μὴ
612 1276 1007 1343 διαλαμβάνειν
1030 1276 1167 1328 κατὰ
1190 1275 1362 1342 τάξιν,
1386 1278 1520 1345 μετὰ
1536 1277 1597 1329 τὸ
1622 1279 1903 1345 χοριαμβι-

213 1358 315 1410 κὸν
355 1358 638 1411 διδάσκων
675 1358 737 1410 τὸ
778 1356 1226 1425 ἀντισπαστικόν,
1267 1357 1402 1427 ὅπερ
1436 1356 1494 1410 ἐκ
1525 1359 1782 1428 βραχείας
1814 1359 1902 1410 καὶ

215 1440 318 1493 δύο
359 1448 584 1508 μακρῶν
623 1436 713 1490 καὶ
753 1441 1010 1507 βραχείας
1049 1440 1345 1507 σύγκειται.
1424 1438 1590 1508 ἐχρῆν
1627 1440 1732 1508 γὰρ
1770 1440 1905 1506 μετὰ

213 1522 274 1573 τὸ
339 1521 698 1590 χοριαμβικὸν
760 1521 1044 1587 διαλαβεῖν
1105 1521 1229 1589 περὶ
1289 1527 1389 1573 τοῦ
1452 1519 1554 1573 ἀπ’
1607 1521 1904 1584 ἐλάσσονος

216 1605 459 1655 ἰωνικοῦ.
536 1599 786 1672 (εἴπομεν
832 1603 936 1671 γὰρ
992 1595 1133 1654 εἶναι
1179 1602 1240 1654 τὸ
1291 1604 1654 1671 χοριαμβικὸν
1701 1602 1759 1655 ἐκ
1804 1623 1905 1672 μα-
1929 1626 1971 1659 15

214 1691 345 1752 κρᾶς
392 1684 483 1735 καὶ
530 1683 632 1735 δύο
678 1685 954 1752 βραχειῶν
991 1684 1082 1736 καὶ
1120 1691 1352 1752 μακρᾶς,
1400 1684 1573 1736 οἱονεὶ
1611 1686 1905 1753 τροχαϊκὸν

214 1763 304 1817 καὶ
362 1762 657 1834 ἰαμβικόν).
734 1763 1115 1833 ἀφαιρουμένη
1170 1766 1274 1834 γὰρ
1332 1766 1362 1833 ἡ
1416 1767 1602 1835 πρώτη
1657 1768 1904 1835 συλλαβὴ

215 1853 315 1899 τοῦ
378 1848 740 1915 χοριαμβικοῦ
802 1849 972 1898 τίκτει
1032 1847 1093 1899 τὸ
1159 1847 1386 1899 ἰωνικὸν
1440 1846 1542 1899 ἀπ’
1594 1846 1904 1911 ἐλάσσονος.

216 1927 354 1980 ἀλλὰ
409 1929 492 1980 δεῖ
548 1926 753 1995 λέγειν,
809 1927 894 1980 ὅτι
947 1929 1008 1980 τὸ
1061 1925 1362 1991 άντιπαθὲς
1417 1928 1751 1997 παρέλαβεν,
1812 1929 1904 1982 ἵνα

215 2013 425 2078 μᾶλλον
479 2011 580 2077 τὴν
633 2007 788 2071 τάξιν
842 2007 1057 2079 φυλάξῃ
1105 2015 1179 2082 τῷ
1227 2010 1293 2062 τὰ
1339 2008 1617 2078 ἀντιπαθῆ
1668 2014 1905 2078 πλησίον
1930 2036 1972 2068 20

216 2091 471 2159 ἀλλήλων
519 2096 755 2143 κεῖσθαι.
833 2090 905 2152 ὡς
951 2092 1055 2159 γὰρ
1098 2091 1273 2163 ἰάμβῳ
1312 2099 1588 2160 τροχαῖος,
1630 2093 1773 2144 οὕτω
1814 2091 1902 2144 καὶ

218 2172 468 2244 δακτύλῳ
507 2171 877 2240 (ἀνάπαιστος
923 2171 1222 2225 ἀντίκειται
1267 2173 1355 2225 καὶ
1399 2173 1718 2244 χοριάμβῳ)
1756 2173 1904 2227 ἀντί-

218 2269 471 2316 σπαστος.

340 2435 391 2473 11
426 2428 483 2473 cf.
517 2428 687 2472 schol.¹³
715 2428 813 2485 (lib.
839 2428 897 2485 ΙΙ)
930 2444 974 2485 p.
1004 2433 1042 2482 7,
1064 2434 1086 2472 1
1104 2443 1201 2486 sqq.

339 2582 363 2620 2
396 2576 562 2631 πράξις
586 2581 610 2629 ζ
642 2578 689 2628 U,
723 2576 847 2620 titul.
879 2592 926 2620 π.
953 2577 996 2620 ἀ.
1032 2577 1137 2620 add.
1166 2577 1218 2620 K
1227 2576 1243 2601 ²
1274 2577 1320 2620 in
1355 2592 1446 2635 mg.
1472 2579 1487 2634 ΙΙ
1511 2581 1536 2620 5
1571 2576 1802 2635 σχήματος
1832 2579 1905 2633 UH

220 2641 244 2679 9
279 2635 593 2692 ἀκατάληκτος
619 2637 671 2679 K
689 2639 703 2692 ΙΙ
730 2641 781 2678 11
816 2635 897 2694 μὴ]
931 2652 1007 2691 μοι
1039 2635 1181 2680 litter.
1214 2652 1260 2680 οι
1292 2638 1479 2680 correct.
1515 2635 1665 2680 effect.
1693 2637 1742 2679 K
1766 2639 1773 2693 Ι
1801 2639 1905 2680 δια-

219 2695 470 2754 λαμβάνειν
503 2695 681 2751 scripsi‚
714 2695 1045 2753 διαλαμβάνων
1070 2696 1200 2739 codd.
1232 2698 1237 2751 Ι
1265 2696 1337 2753 τὸ]
1368 2697 1450 2740 τὸν
1476 2696 1519 2740 U
1537 2697 1551 2752 ΙΙ
1577 2700 1631 2738 12
1664 2695 1904 2740 διδάσκειν

221 2769 248 2798 a
275 2754 352 2799 K'
384 2757 466 2798 aut
491 2754 570 2798 K³
602 2769 714 2798 con.
742 2768 796 2797 ex
829 2755 1064 2798 διδάσκων
1088 2757 1103 2811 ΙΙ
1129 2759 1181 2797 13
1213 2755 1445 2812 σύγκειται
1471 2769 1558 2798 om.
1587 2756 1640 2798 K
1658 2757 1672 2810 ΙΙ
1699 2760 1752 2798 15
1779 2755 1905 2799 ἰωνι-

220 2815 326 2872 κοῦ]
359 2814 575 2871 ἰαμβικοῦ
612 2815 681 2867 Ul
710 2814 917 2869 εἴποιμεν
953 2815 1022 2869 ΠΙ
1050 2814 1130 2858 τὸν
1166 2815 1239 2869 Ul!
1267 2819 1317 2857 17
1354 2814 1431 2857 καὶ
1465 2814 1682 2872 ἰαμβικὸν
1715 2828 1802 2857 om.
1831 2815 1901 2870 Ul

222 2873 505 2929 ἐκφερομένη
540 2872 626 2928 γὰρ
660 2874 713 2916 K
742 2875 756 2928 l}
790 2877 843 2915 18
876 2872 947 2931 τὸ]
981 2873 1061 2916 τὸν
1095 2874 1148 2916 K
1173 2876 1187 2928 ΙΙ
1219 2878 1274 2916 20
1306 2874 1388 2931 τῷ]
1423 2880 1503 2918 τοῦ
1538 2874 1696 2929 [71121
1733 2872 1902 2932 ἰάμβῳ]

221 2932 265 2975 οἱ
297 2933 390 2975 ἀπὸ
425 2933 499 2987 ΠΗ
525 2938 579 2974 ‘22
614 2933 696 2974 lae.
737 2931 911 2987 explev.
947 2932 1274 2976 Mendelssohn
