2060 3168
249 173 375 214 XIII.
400 173 507 213 XIV
538 173 684 213 ΠΕΡΙ
712 172 835 213 ΤΗΣ
866 171 1027 212 ΚΑΤΑ
1055 171 1479 214 ΑΝΤΙΠΑΘΕΙΑΝ
1508 169 1744 219 ΜΙΞΕΩΣ
1791 170 1898 222 249

358 304 468 376 (42,
496 303 552 376 7)
594 307 893 371 Θυμελικὰν
931 306 1003 358 ἴθι
1045 305 1216 370 μάκαρ

121 397 176 436 84
208 386 299 440 καὶ
345 388 411 440 τὰ
460 385 602 455 ἑξῆς·
659 386 716 440 ἐκ
763 397 876 440 τῶν
921 385 1280 454 καλουμένων
1325 391 1627 456 Δελφικῶν
1673 389 1824 440 ἔστιν
1870 387 1903 455 ἡ

55 476 175 532 (199)
207 467 537 539 προκειμένη
579 477 786 538 χρῆσις,
825 469 897 538 μὴ
939 467 1179 537 ἐχόντων
1216 467 1278 520 τὸ
1311 469 1488 537 ὄνομα
1525 476 1625 522 τοῦ
1657 477 1903 538 ποιητοῦ.

359 548 470 621 (43,
496 547 556 620 3)
596 551 657 604 Ὁ
698 554 895 616 ταῦρος
935 549 982 603 δ’
1022 550 1162 602 ἔοικε
1201 551 1449 614 κερίζεινἲ

210 635 519 701 Βασσαρῶν
559 633 845 701 Αἰσχύλου
886 628 1006 703 (23)
1047 631 1079 700 ἡ
1119 639 1324 700 χρῆσις.
1952 653 1971 685 5

910 808 1032 877 Cap.
1058 807 1203 862 XIV.

425 915 592 983 Περὶ
631 921 741 982 τῆς
781 914 938 966 κατὰ
970 912 1414 966 ἆντιποὲθειαν
1451 912 1696 980 μίξεως.

319 1019 426 1083 Τῆς
466 1021 526 1071 δὲ
565 1019 700 1071 κατὰ
741 1017 1088 1071 ἀντιπάθειαν
1133 1018 1319 1083 μίξεως
1359 1021 1457 1071 νῦν
1490 1020 1557 1070 τὰ
1595 1019 1905 1071 πυκνότατα

208 1101 643 1166 παραθηςόμεθα·
713 1100 1147 1165 ἑπιχοριαμβικὸν
1205 1101 1299 1164 μὲν
1355 1099 1453 1152 οὖν
1508 1101 1571 1151 τὸ
1625 1100 1904 1165 (απφικὸν

208 1182 542 1245 καλούμενον
585 1182 1064 1246 ἑνδεκαςύλλαβον·
1104 1178 1195 1232 καὶ
1237 1178 1370 1250 ἑξῆς.
1412 1212 1481 1218 —
1524 1181 1572 1234 U
1929 1202 1970 1234 ιο

320 1263 426 1327 Τῆς
466 1265 525 1315 δὲ
564 1264 699 1315 κατὰ
738 1262 1085 1315 ἀντιπάθειαν
1127 1263 1313 1327 μίξεως
1352 1266 1450 1316 νῦν
1490 1264 1557 1315 τὰ
1596 1264 1906 1316 πυκνότατα

208 1346 636 1410 παραθηςόμεθα.
724 1345 1158 1410 ἑπιχοριαμβικὸν
1215 1347 1309 1409 μὲν
1365 1345 1464 1398 οὗν
1514 1345 1577 1397 τὸ
1628 1345 1905 1410 (απφικὸν

208 1427 544 1491 καλούμενον
585 1427 1058 1492 ἑνδεκαςύλλαβον,
1099 1425 1217 1478 οἷον
1684 1458 1706 1482 0

358 1508 717 1573 ποικιλόφρον
760 1507 980 1560 ἀθανάτ’
1020 1507 1335 1572 Ἀφρόδιτα·

210 1593 373 1642 τοῦτο
414 1591 474 1641 δὲ
512 1591 610 1654 τὴν
653 1591 746 1654 μὲν
787 1591 1006 1654 πρώτην
1044 1590 1290 1650 ςυζυγίαν
1326 1589 1434 1654 ἔχει
1465 1591 1754 1654 τροχαϊκὴν
1790 1589 1903 1643 ἑξά-
1932 1610 1973 1642 15

212 1689 375 1735 ςημον
415 1673 446 1735 ἢ
489 1671 805 1735 ἑπτάςημον,
853 1673 950 1736 τὴν
999 1673 1059 1723 δὲ
1099 1671 1355 1735 δευτέραν
1397 1672 1759 1736 χοριαμβικήν,
1807 1673 1903 1735 τὴν

212 1755 271 1805 δὲ
318 1755 639 1804 κατακλεῖδα
687 1753 739 1806 ἐξ
788 1752 978 1818 ἰάμβου
1018 1754 1104 1804 καὶ
1143 1756 1236 1816 τῆς
1277 1752 1582 1817 ἀδιαφόρου
1624 1755 1905 1818 ςυλλαβῆς·

214 1833 305 1886 καὶ
345 1834 410 1886 τὰ
451 1832 584 1900 ἑξῆς.
625 1864 697 1869 -
736 1833 801 1884 K

57 1920 178 1975 (200)
328 1913 598 1967 Ἐνταῦθα
637 1913 762 1984 περὶ
801 1924 914 1967 τῶν
959 1916 1105 1984 παρὰ
1145 1924 1259 1977 τοῖς
1299 1914 1547 1984 ἀρχαίοις
1587 1913 1907 1983 εὑρημένων

212 1996 584 2066 μεμιγμένων,
642 2007 752 2049 τῶν
807 1997 942 2049 κατὰ
996 1997 1363 2050 ἀντιπάθειαν
1419 1996 1673 2064 ἀλλήλων
1728 1997 1906 2049 ὄντων
1932 2018 1973 2049 20

211 2077 425 2147 μέτρων
463 2078 722 2145 βούλεται
763 2078 1048 2146 διαλαβεῖν
1088 2078 1116 2131 ὁ
1157 2079 1425 2146 τεχνικός,
1473 2077 1564 2129 καὶ
1604 2076 1773 2146 λέγει,
1823 2078 1906 2130 ὅτι

212 2160 278 2211 τὰ
308 2161 639 2225 πυκνότατα,
672 2159 922 2211 τουτέστι
955 2161 1020 2212 τὰ
1053 2162 1272 2228 συνήθη
1307 2158 1368 2211 ἐν
1400 2167 1463 2229 τῇ
1498 2161 1702 2228 χρήσει,
1735 2177 1906 2228 παρα-

214 2239 378 2311 φέρω.
457 2239 603 2308 λέγει
651 2237 755 2293 οὖν
802 2235 949 2292 εἶναι’
990 2260 1042 2292 τι
1087 2239 1290 2310 μέτρον
1335 2241 1396 2293 τὸ
1449 2241 1748 2308 λεγόμενον
1794 2239 1907 2292 ἐπι-

213 2445 256 2487 Η
317 2391 359 2487 ἱ)
392 2387 590 2430 metrum
623 2385 910 2429 bassaricum
942 2385 1054 2429 Mar.
1074 2385 1195 2429 vict.
1222 2385 1284 2429 VI
1310 2390 1380 2440 98,
1399 2390 1424 2429 8
1461 2388 1475 2443 ΙΙ
1512 2390 1566 2428 14
1598 2383 1906 2441 ποικιλόθρον

259 2459 315 2501 ep
354 2481 361 2488 .

336 2575 358 2613 1
394 2571 583 2626 μελικὰν
619 2572 704 2626 ΚΗ
730 2576 754 2612 2
788 2570 868 2613 καὶ
899 2570 955 2613 τὰ
989 2566 1093 2625 ἑξῆς
1124 2583 1210 2613 om.
1241 2572 1285 2616 U
1301 2573 1314 2627 ΙΙ
1339 2577 1365 2614 4
1399 2568 1570 2625 κυρίζει
1606 2572 1678 2626 ΠΗ
1704 2575 1729 2613 5
1763 2570 1906 2627 βασά-

216 2647 310 2685 ρων
343 2631 406 2682 Κ,
439 2633 687 2674 πασσαλῶν
723 2631 766 2675 U
812 2631 826 2685 ΙΙ
882 2634 903 2676 7
938 2628 1106 2684 πράξις
1138 2629 1173 2672 ι’
1210 2631 1261 2684 U,
1300 2630 1424 2673 hunc
1456 2629 1579 2672 titul.
1608 2629 1686 2673 K¹
1744 2630 1749 2687 Ι
1806 2631 1904 2687 τῆς]

213 2696 306 2732 τῶν
339 2690 393 2732 Κ
427 2691 442 2745 ΙΙ
478 2694 530 2732 14
563 2687 881 2744 ποικιλόφρων
915 2689 969 2732 Κ
1004 2696 1008 2742 fl
1045 2687 1251 2732 ἀθανάτ’
1287 2688 1453 2744 scripsi
1486 2690 1676 2745 propter
1708 2693 1808 2743 251,
1829 2695 1904 2742 113

215 2746 422 2791 ἀθάνατ’
453 2762 507 2791 ex
538 2747 750 2791 ἁθανάτ’
779 2748 956 2791 factum
982 2749 1063 2802 ΚΙ
1092 2746 1326 2803 ἀφροδίτα
1353 2750 1405 2791 K
1425 2751 1438 2804 ΙΙ
1465 2752 1518 2790 19
1551 2747 1679 2801 παρὰ
1713 2761 1800 2791 om.
1821 2749 1873 2790 K
1892 2748 1906 2807 Ἴ

217 2812 272 2849 20
315 2814 407 2850 τῶν
452 2807 602 2861 Caes.,
651 2814 791 2850 τινῶν
837 2807 991 2860 codd.‚
1037 2807 1125 2851 del.
1161 2807 1371 2863 Westph.
1432 2814 1436 2862 Ι
1505 2806 1652 2850 ὄντων
1696 2821 1783 2849 om.
1822 2809 1865 2851 U
1904 2838 1905 2846 τ

217 2866 347 2968 ἓῖζῗὸ
373 2865 631 2922 παραφέρω
658 2865 887 2923 Egenolff,
917 2864 1151 2922 περιφέρω
1179 2868 1298 2921 KU,
1323 2864 1562 2922 περιφέρει
1588 2865 1716 2910 Caes.
1744 2869 1757 2921 ΙΙ
1783 2871 1837 2908 23
1863 2883 1905 2908 τι

243 2925 260 2945 ¹*
288 2959 300 2979 ‚
334 2925 386 2968 τὸ
421 2927 474 2969 Κ
