2090 3158
825 135 860 176 I.
895 134 1042 174 ΠΕΡΙ
1071 133 1321 175 ΚΟΙΝΗΣ.
1888 131 1922 182 5

173 278 197 317 ’1
343 263 434 322 οἶδ
447 267 460 288 ’
491 268 692 338 ἀρετὴν
731 261 848 330 οἷός
887 266 1028 320 ἐσσι·
1068 268 1124 320 τί
1161 281 1221 320 σε
1261 268 1363 337 χρὴ
1402 274 1572 319 ταῦτα
1613 265 1901 336 λε’γεσθαι;

226 348 318 403 καὶ
357 349 496 419 παρ’
527 348 878 419 Ἀνακρέοντι
919 347 981 402 ἐν
1020 348 1283 417 ἐλεγείαις
1324 346 1445 419 (95)

341 430 476 484 οὐδέ
504 433 561 484 τί
588 451 673 484 τοι
705 432 842 500 πρὸς
871 432 1075 500 θυμόν,
1113 429 1257 497 ὅμως
1289 449 1350 497 γε
1373 430 1474 497 μὲν
1500 430 1572 492 ὡς
1597 429 1923 491 ἀδοιάστως·

227 511 315 566 ἐπὶ
355 513 455 582 μὲν
495 514 598 582 γὰρ
639 522 750 565 τῶν
787 512 1059 565 τοιούτων
1107 509 1191 582 (Π
1229 509 1362 581 235)

338 593 428 647 σοὶ
468 593 697 647 ναίουσ’
727 594 1010 663 ὑποφῆται
1050 587 1781 662 ἀνιπτόποδεςχαμαιεῦναι
1971 611 1991 643 5

228 675 318 728 καὶ
360 674 415 745 (κ
451 675 583 746 243)

337 755 580 826 ἔδμεναι,
621 750 711 810 οἷα
751 757 879 819 σύες
917 757 1316 826 χαμαιευνάδες
1355 753 1476 808 αἰὲν
1514 753 1742 809 ἔδουσιν

230 844 361 902 ἴσως
401 839 492 891 διὰ
531 840 593 892 τὸ
636 840 951 907 φαντασίαν
989 839 1115 891 τινὰ
1153 837 1413 906 παρέχειν
1443 844 1544 890 τοῦ
1586 836 1923 905 άπηρτίσθαι

227 921 329 989 τὴν
368 919 517 983 λέξιν
563 918 625 972 ἐν
663 927 736 992 τῷ
771 939 966 988 χαμαι,
1006 920 1078 982 ὡς
1122 921 1219 988 μία
1257 920 1291 988 ἡ
1330 919 1495 988 χαμαὶ
1544 917 1814 971 ἀκούεται.
1858 949 1920 955 -

234 1005 308 1071 Τῇ
365 1001 551 1070 μέντοι
608 1021 669 1069 γε
723 1004 782 1054 υι
839 1002 1135 1072 διφθόγγῳ
1192 999 1289 1053 ἐὰν
1339 1002 1806 1070 παρακολουθήσῃ
1861 1001 1923 1052 τὸ
1949 1017 1992 1048 10

226 1090 500 1151 τοιοῦτον,
540 1084 758 1145 τελείως
797 1084 998 1151 τραχὺς
1038 1082 1066 1135 ὁ
1109 1083 1292 1151 στίχος
1331 1085 1543 1150 γίνεται
1583 1075 1706 1134 οἷον

400 1163 598 1232 “Europ
638 1164 726 1217 υἱὲ
766 1165 1046 1233 Πριάμοιο
1087 1161 1174 1234 (Η
1200 1164 1288 1231 47,
1328 1167 1379 1215 A
1411 1163 1535 1233 200,
1577 1167 1623 1215 Ο
1656 1161 1804 1234 244).

337 1246 426 1314 (7)
466 1247 744 1315 Δεύτερος
783 1245 848 1298 δέ
885 1246 997 1299 ε’στι
1039 1248 1267 1314 τρόπος,
1320 1245 1453 1298 ὅταν
1491 1248 1684 1315 βραχεῖ
1722 1245 1757 1313 ἢ
1794 1247 1926 1345 βρα-

101 1331 198 1389 [12]
231 1326 446 1399 νομένῳ
488 1329 764 1413 φωνήεντι
805 1327 1127 1396 ἐπιφέρηται
1161 1326 1221 1380 ἐν
1259 1347 1324 1397 τη
1359 1325 1478 1395 ἑξῆς
1509 1329 1756 1396 συλλαβῇ
1790 1326 1925 1393 σύμ-

228 1429 388 1477 φωνα
437 1410 563 1477 δύο,
612 1405 691 1461 ὧν
737 1410 797 1462 τὸ
845 1429 947 1476 μεν
999 1418 1221 1478 πρωτον
1275 1409 1506 1476 ἄφωνον
1561 1406 1699 1475 ἐστι,
1745 1408 1806 1460 τὸ
1863 1404 1922 1460 δε
1950 1423 1991 1456 15

229 1491 492 1559 δεύτερον
530 1490 724 1558 ὑγρόν,
765 1483 889 1543 οἷον
929 1490 983 1542 ὅ-
987 1494 1146 1558 πλον,
1187 1490 1244 1542 ἄ-
1247 1509 1403 1558 κρον,

616 1570 907 1640 Πάτροκλέ
943 1591 1036 1640 μοι
1076 1572 1230 1641 δειλῇ
1271 1574 1351 1642 (T
1383 1569 1531 1642 287)

229 1652 363 1705 ὅταν
410 1649 470 1704 δε
517 1653 577 1705 τὸ
625 1653 1046 1751 προηγούμενον
1091 1653 1382 1722 ἡμίφωνον
1429 1654 1488 1720 ᾑ,
1537 1651 1719 1704 οὐκέτι
1766 1654 1926 1720 κοινή

229 1733 379 1786 ἐστιν
418 1755 451 1802 η
490 1733 847 1803 προκειμένη,
887 1733 1025 1786 ἀλλα
1063 1736 1284 1796 τελείως
1322 1734 1516 1802 μακρά.
1557 1765 1628 1770 --
1670 1734 1924 1802 Προτάσ-

228 1829 377 1867 σεται
419 1815 481 1868 δὲ
519 1815 813 1884 ἡμίφωνον
843 1815 1022 1884 ὑγροῦ
1056 1816 1116 1868 τὸ
1158 1812 1258 1884 μὲν
1297 1818 1334 1884 μ
1366 1823 1466 1868 τοῦ
1499 1818 1533 1868 ἶ)
1573 1808 1696 1868 οἷον
1736 1814 1923 1882 ἀμνός,
1950 1831 1992 1862 ‘20

228 1904 288 1955 τὸ
330 1903 391 1956 δὲ
437 1905 474 1956 ὃ
511 1911 612 1956 τοῦ
645 1907 682 1973 μ
715 1897 838 1957 οἷον
871 1903 1049 1973 ἑσμὸς,
1082 1904 1174 1957 καὶ
1211 1906 1272 1957 τὸ
1309 1907 1342 1957 ὅ
1380 1911 1479 1957 τοῦ
1514 1893 1551 1957 λ
1576 1905 1713 1956 κατὰ
1743 1905 1926 1966 πάθος

228 1984 301 2047 ὡς
340 1983 402 2038 ἐν
433 1991 509 2056 τῷ
541 1985 749 2053 μάσλης
788 1984 881 2038 καὶ
915 1989 1158 2049 σπανίως
1189 1994 1289 2039 τοῦ
1323 1988 1356 2039 ν
1396 1986 1470 2048 ὡς
1502 1984 1563 2038 ἐν
1594 1992 1668 2057 τῷ
1699 1986 1926 2053 Πάσνης

230 2173 374 2231 χαμαί
414 2173 636 2232 ἐχρήσατο
677 2182 731 2232 τῇ
770 2176 962 2234 τοιαύτῃ
995 2182 1143 2233 κοινῇ.
1210 2175 1292 2220 ἐὰν
1332 2176 1383 2220 δὲ
1425 2175 1475 2220 ἐν
1506 2183 1560 2234 τῇ
1596 2193 1642 2219 υι
1675 2175 1924 2234 διφθόγγῳ

229 2233 364 2305 κοινὴ
403 2233 542 2292 πέσῃ,
582 2233 743 2285 τελέως
781 2236 957 2292 τραχὺν
999 2235 1183 2290 ποιήσει
1227 2235 1309 2279 τὸν
1354 2233 1510 2292 στίχον
1545 2271 1553 2279 .
1584 2272 1590 2279 .
1620 2272 1627 2279 .
1663 2235 1724 2285 ὡς
1767 2234 1816 2279 ἐν
1863 2238 1924 2293 τῷ

230 2290 405 2349 ,Έκτορ
437 2293 508 2338 υἱὲ
541 2293 806 2350 Πριάμοιο’.
933 2299 984 2337 17
1020 2295 1154 2339 Dion.
1188 2294 1295 2338 Thr.
1328 2309 1372 2351 p.
1400 2299 1470 2350 21,
1497 2299 1535 2338 3.

350 2475 375 2512 3
409 2470 529 2527 μένω
556 2469 597 2514 σ’
627 2471 782 2528 Bergk
806 2474 820 2528 ΙΙ
846 2476 870 2514 6
903 2471 1045 2516 πάλιν
1078 2473 1183 2515 add.
1211 2473 1257 2518 I}
1255 2473 1372 2530 Ι6-
1319 2476 1402 2515 -7
1428 2472 1574 2516 καὶ-
1584 2469 1925 2545 χαμαιευνάδες

230 2542 317 2572 om.
352 2531 402 2574 D
433 2532 446 2586 ΙΙ
479 2535 504 2573 9
537 2535 599 2589 τῷ
631 2547 713 2586 μαι
745 2531 965 2574 Hoelsch.
992 2534 1006 2587 ΙΙ
1033 2536 1084 2574 11
1114 2531 1136 2575 ὁ
1164 2529 1315 2588 στίχος
1346 2531 1516 2588 τραχύς
1539 2532 1631 2587 D
1667 2536 1745 2573 12
1743 2528 1923 2585 Εκτωρ

230 2589 362 2632 codd.
416 2594 420 2643 Ι
472 2576 733 2646 δαΐφρονος
778 2598 917 2634 ποῖον
965 2590 1123 2641 ἔειπας
1162 2591 1267 2634 add.
1301 2591 1349 2644 Ι;
1398 2605 1491 2633 non
1539 2592 1609 2633 est
1658 2590 1782 2646 apud
1831 2589 1924 2633 Ho-

229 2661 408 2691 merum
439 2649 453 2706 ΙΙ
487 2654 541 2692 13
582 2648 632 2693 δὲ
666 2663 754 2693 om.
799 2651 892 2722 DI
921 2650 926 2707 Ι
963 2649 1291 2723 βραχυνομένω
1326 2663 1553 2706 suprascr.
1589 2647 1788 2706 διχρόνω
1822 2650 1871 2693 D
1909 2649 1923 2706 ΙΙ

232 2712 286 2749 14
327 2701 493 2764 ἐφεξῆς
526 2710 575 2752 D
628 2711 642 2765 ΙΙ
699 2714 750 2752 17
784 2709 836 2752 τὸ
870 2710 978 2753 ante
1002 2708 1244 2764 Πάτροκλέ
1276 2710 1382 2752 add.
1417 2710 1504 2752 D]
1561 2710 1566 2764 Ι
1624 2695 1924 2779 κεχαρισμένε

229 2766 335 2809 add.
370 2769 430 2823 ΙΙ
471 2766 600 2822 δειλή
633 2769 674 2810 Α
708 2768 722 2826 ΙΙ
756 2772 810 2810 18
842 2768 893 2811 τὸ
927 2782 1014 2811 om.
1049 2770 1108 2823 ΙΙ
1137 2768 1271 2824 κοινὴ
1313 2783 1400 2811 om.
1436 2769 1484 2811 D
1513 2771 1518 2823 Ι
1546 2769 1655 2824 post
1686 2763 1714 2826 ᾗ
1748 2783 1797 2810 m
1829 2768 1929 2810 JM

228 2825 368 2868 rubro
409 2826 582 2882 scripta,
614 2831 646 2880 ζ.
674 2827 710 2879 ξ.
739 2836 787 2881 ψ.
815 2829 851 2869 λ.
879 2844 920 2882 μ.
948 2845 987 2871 ν.
1023 2844 1060 2882 ρ.
1090 2842 1125 2871 σ.
1159 2830 1172 2883 ΙΙ
1207 2833 1260 2871 19
1300 2827 1462 2877 τελέως
1494 2829 1538 2871 A
1569 2828 1584 2884 ΙΙ
1620 2831 1675 2870 20
1709 2824 1830 2884 οἷον]
1865 2827 1925 2876 ὡς

231 2884 280 2928 ἐν
310 2888 372 2943 τῷ
407 2886 524 2941 ΒΙΙ
555 2891 608 2928 21
644 2883 777 2941 ἐσμός
809 2886 940 2929 codd.
