2090 3158
180 168 255 219 44
381 168 803 210 ΗΦΑΙΣΤΙΩΝΟΣ
833 168 1223 209 ΕΓΧΕΙΡΙΔῙΟΝ
1253 167 1399 208 ΠΕΡΙ
1427 165 1688 208 ΜΕΤΡΩΝ.

181 302 315 356 ὥστ’
354 299 496 356 εἶναι
535 304 634 356 τὸν
673 304 879 355 κανόνα
918 309 1191 370 τοιοῦτον,

710 386 854 451 βαβα
893 385 1037 452 βααβ
1079 386 1215 451 αββα

713 467 857 532 βαββ
895 467 1038 533 βααβ
1079 462 1214 533 αβαβ

178 544 292 600 ἔστι
327 547 386 600 δὲ
417 548 505 599 καὶ
537 546 675 615 παρ’
700 545 924 617 Ἀλκαίῳ
956 577 1029 583 —
1061 546 1150 598 καὶ
1191 546 1398 614 ἄδηλον
1429 543 1698 614 ὁποτέρου
1723 544 1873 598 ἐστὶν

133 649 152 682 5
179 629 405 698 εὕρημα,
446 629 493 681 εἰ
533 629 621 680 καὶ
662 628 961 696 Σαπφικὸν
1000 631 1242 680 καλεῖται
1285 658 1353 663 -—-
1395 619 1518 679 οἷον
1557 624 1696 697 (Alc.
1730 625 1780 695 5,
1814 624 1869 697 1)
1905 631 2002 690 [84]

401 718 554 779 χαῖρε
594 709 889 771 Κυλλάνας
929 709 957 761 ὃ
998 707 1196 777 μέδεις,
1237 708 1298 760 σὲ
1336 708 1441 776 γάρ
1481 728 1589 776 μοι.

178 792 451 853 τοιούτοις
504 800 741 860 χρῶνται
788 788 972 858 τρισὶν
1006 791 1103 852 εἰς
1150 789 1384 857 ἑκάστην
1432 791 1701 859 στροφήν·
1757 783 1872 842 εἶτα

180 871 506 942 ἐπιφέρουσι
560 872 621 924 τὸ
675 871 936 941 τέταρτον
982 871 1460 939 πεντασύλλαβον,
1510 872 1874 941 χοριαμβικὸν

179 952 597 1023 πενθημιμερές,
640 954 1016 1021 συνεμπίπτον
1049 954 1357 1023 δακτυλικῷ
1391 958 1465 1024 τῷ
1501 953 1577 1014 εἰς
1609 952 1873 1022 δεύτερον

114 1057 156 1089 10
179 1044 454 1105 τροχαῖον,
496 1028 616 1088 οἷόν
657 1033 771 1086 ἐστι
810 1035 871 1086 τὸ
912 1031 1134 1105 (Sapph.
1166 1034 1212 1103 1,
1242 1031 1302 1104 4)

402 1119 599 1169 πότνια
639 1118 838 1182 θυμόν.

291 1198 376 1266 (2)
403 1201 577 1250 Τοῦτο
602 1194 704 1264 μὲν
729 1193 833 1249 οὖν
859 1196 963 1249 ἀπὸ
995 1205 1286 1265 τροχαϊκῆς
1317 1195 1467 1248 ἐστὶν
1499 1195 1873 1265 ἐπιχοριαμβι-
1904 1209 1961 1250 45

178 1280 294 1346 κόν,
335 1278 440 1331 ἀπὸ
483 1275 542 1331 δὲ
584 1278 1010 1345 ἀντισπαστικῆς
1048 1279 1109 1330 τὸ
1142 1278 1485 1344 καλούμενον
1527 1278 1872 1348 Πινδαρικὸν

180 1359 674 1428 ἑνδεκασύλλαβον,
711 1359 739 1412 ὃ
773 1360 875 1427 τὴν
905 1356 1006 1426 μὲν
1037 1360 1260 1427 πρώτην
1293 1347 1721 1427 ἀντισπαστικὴν
1745 1357 1872 1428 ἔχει,

114 1463 154 1495 15
179 1442 243 1493 τὰ
284 1442 345 1494 δὲ
380 1442 544 1494 λοιπὰ
576 1440 776 1510 ὁμοίως
807 1446 880 1512 τῷ
913 1445 1187 1512 Σαπφικῷ
1221 1440 1583 1509 χοριαμβικὴν
1621 1439 1711 1493 καὶ
1754 1442 1871 1508 ἰαμ-

179 1524 342 1591 βικὴν
381 1523 724 1590 κατάκλειδα,
770 1515 892 1574 οἷον

322 1602 378 1655 Ὁ
402 1603 770 1672 Μουσαγέτας
792 1623 858 1672 με
883 1607 1035 1655 καλεῖ
1058 1611 1322 1672 χορεῦσαι
1341 1601 1516 1674 (Pind.
1534 1604 1596 1655 fr.
1620 1601 1748 1674 116)
1764 1635 1835 1640 —

330 1686 483 1752 ἄγοις
508 1681 548 1736 ὦ
573 1686 744 1737 κλυτὰ
769 1685 1090 1753 θεράποντα
1108 1688 1283 1737 Λατοῖ
1300 1683 1475 1756 (Pind.
1491 1686 1556 1737 fr.
1578 1683 1723 1755 117).

292 1767 376 1834 (3)
414 1765 797 1818 Ἐπιωνικὸν
830 1763 890 1818 δὲ
924 1765 1042 1818 ἀπὸ
1075 1768 1374 1832 μείζονος
1398 1768 1689 1835 τρίμετρον
1713 1786 1872 1818 κατα-

115 1870 156 1901 20
182 1850 439 1916 ληκτικόν
465 1847 595 1915 ἐστι,
621 1848 681 1899 τὸ
707 1847 1051 1913 καλούμενον
1067 1846 1350 1900 Άλκαϊκὸν
1376 1846 1871 1916 ἑνδεκασύλλαβον,

182 1927 210 1981 ὃ
249 1930 350 1997 τὴν
396 1926 497 1996 μὲν
544 1929 768 1997 πρώτην
816 1931 1083 1996 συζυγίαν
1122 1926 1231 1997 ἔχει
1274 1930 1555 1997 ἰαμβικήν,
1594 1931 1716 1996 ἤτοι
1757 1927 1871 1991 ἑξα-

182 2024 357 2078 σημον
411 2011 443 2078 ἢ
492 2008 827 2078 ἑπτάσημον,
883 2011 983 2078 τὴν
1042 2006 1101 2062 δὲ
1157 2009 1422 2080 δευτέραν
1486 2011 1713 2078 ι’ωνικὴν
1767 2009 1871 2063 ἀπὸ

181 2094 428 2160 μείζονος
480 2091 512 2159 ἢ
570 2090 834 2160 δευτέραν
891 2093 1222 2159 παιωνικήν,
1281 2093 1382 2159 τὴν
1437 2092 1498 2143 δὲ
1551 2091 1874 2143 κατάκλειδα

183 2172 240 2225 ἐκ
279 2175 539 2241 τροχαίου
580 2172 668 2224 καὶ
708 2180 801 2240 τῆς
842 2171 1171 2242 ἀδιαφόρου,
1218 2166 1340 2226 οἷον

184 2410 267 2449 516
302 2351 430 2449 Ξῖθ
481 2347 538 2390 ef.
579 2347 634 2390 Is.
669 2347 819 2390 TzetZ.
854 2347 940 2390 ΑΡ
968 2348 987 2390 I
1019 2353 1124 2402 122,
1148 2353 1341 2391 27—28
1395 2350 1409 2404 ΙΙ
1464 2352 1487 2390 9
1522 2348 1635 2391 Mar.
1667 2347 1783 2391 Plot.
1810 2347 1873 2390 VI

304 2566 327 2603 2
363 2562 471 2633 βα]β
503 2562 621 2617 ΑΙΙΙ
646 2566 671 2602 3
705 2562 846 2619 αβαβ]
881 2563 973 2619 αβα
1006 2563 1054 2615 I,
1099 2564 1254 2620 βα-αα
1287 2563 1332 2606 A
1356 2564 1370 2619 ΙΙ
1395 2568 1421 2605 4
1461 2560 1636 2620 ἀλκαίῳ
1670 2575 1725 2604 ex
1758 2576 1870 2605 corr.

186 2621 263 2672 M,
298 2618 527 2663 Άλκαιῶνι
561 2622 625 2674 A,
659 2618 883 2664 ἀλκαίωνι
916 2623 946 2663 Ι
977 2622 983 2676 Ι
1019 2621 1193 2676 ἄδηλον
1227 2623 1257 2664 1
1286 2621 1359 2678 (Is.
1393 2621 1582 2677 Tzetz.),
1617 2623 1757 2677 δῆλον
1789 2622 1833 2663 A
1858 2622 1872 2676 ΙΙ

187 2684 212 2722 5
253 2679 294 2722 εἰ
333 2680 411 2721 καὶ
451 2681 508 2722 Η
541 2679 613 2733 (Is.
647 2679 836 2735 Tzetz.)‚
885 2680 965 2722 καὶ
1005 2681 1045 2723 εἰ
1076 2681 1168 2722 AI
1202 2679 1359 2723 Choer.
1416 2683 1430 2735 Η
1487 2685 1510 2723 9
1547 2695 1612 2723 vv.
1646 2684 1708 2736 τῷ
1735 2706 1787 2711 -
1817 2684 1870 2722 10

183 2745 402 2794 τροχαῖον
447 2738 495 2780 in
539 2737 845 2781 Choerobosci
891 2739 1021 2782 codd.
1059 2742 1144 2794 (87,
1173 2743 1245 2792 19)
1290 2753 1382 2782 non
1426 2739 1568 2782 fuisse
1613 2738 1827 2781 videntur
1857 2741 1870 2794 ΙΙ

187 2801 211 2839 7
236 2797 287 2840 τὸ
312 2804 523 2841 τοιοῦτον
549 2799 612 2852 ΙΙΙ
641 2802 693 2839 14
720 2795 762 2854 ὃ]
792 2796 814 2841 ὃ
847 2798 927 2840 καὶ
959 2796 1163 2852 Choer.1<,
1199 2796 1268 2841 ὅτι
1293 2797 1503 2851 Choer.U,
1538 2797 1618 2840 sed
1651 2797 1707 2840 cf.
1733 2812 1772 2839 v.
1800 2802 1869 2841 21.

185 2860 254 2908 45,
277 2861 343 2899 16.
378 2861 491 2909 46‚5
539 2858 553 2911 ΙΙ
602 2861 655 2899 16
690 2854 790 2899 οἷον
824 2870 909 2900 om.
944 2857 977 2898 Ι
1017 2859 1031 2912 ll
1081 2862 1133 2900 18
1167 2856 1294 2913 ἄγεις
1324 2858 1355 2900 Ι
1397 2859 1410 2911 ΙΙ
1453 2861 1505 2899 19
1539 2856 1631 2900 ἀπὸ
1665 2853 1872 2912 μείζονος

185 2929 270 2958 om.
299 2916 329 2957 I
349 2917 363 2971 ΙΙ
388 2919 442 2958 24
476 2911 577 2960 οἷον
610 2929 695 2958 om.
732 2917 765 2958 I
