2090 3158
707 174 812 216 1111
843 173 990 214 ΠΕΡΙ
1021 172 1236 215 ΠΟΔΩΝ
1714 170 1817 223 109

245 307 330 376 10,
354 309 387 360 6
426 306 850 375 παραλέλοιπεν
890 307 922 375 ἡ
956 308 1272 374 συναίρεσις
1303 306 1406 359 δύο
1439 316 1665 377 μακρῶν
1697 306 1815 360 ἀντὶ

130 390 409 459 βραχείας,
456 389 590 453 ὅπερ
631 389 731 459 οὐχ
771 389 1105 456 εὑρίσκεται,
1152 387 1242 441 καὶ
1282 391 1538 458 βραχεῖας
1576 387 1667 442 καὶ
1706 409 1819 443 κοι-

130 478 229 539 νῆς
270 470 405 524 ’ἀντὶ
458 480 668 540 μακρᾶς
723 469 784 523 ἐν
835 478 911 524 τῶ
965 471 1161 542 πρώτῳ
1217 471 1381 542 στίχῳ
1434 477 1533 523 τοῦ
1587 477 1818 539 ποιητοῦ

131 554 251 605 δεω
291 550 576 621 Ἀχιλῆος
615 550 692 622 (A
719 549 789 622 1).
838 583 907 588 —
958 554 1195 621 πίσσης
1232 571 1297 605 τε
1345 552 1674 620 δνοφερῆς
1714 550 1814 604 καὶ

130 632 371 702 κέδρου
431 632 615 701 νηλέι·
674 639 901 705 καπνῷ.
1002 627 1164 695 οὗτος
1217 633 1245 686 ὁ
1302 635 1486 701 στίχος
1547 631 1660 686 ἐστὶ
1719 630 1820 700 μὲν
1867 657 1885 689 5

123 714 389 767 εΗσιόδου
430 712 518 784 (fr.
551 713 701 786 248),
749 715 1082 784 λαμβάνεται
1121 711 1182 767 δὲ
1229 713 1318 767 καὶ
1366 715 1693 777 δακτυλικὸς
1730 715 1819 767 καὶ

0 764 11 918 ,ξ
133 798 326 865 ἴαμβος
364 795 512 859 ὅπως
549 816 633 860 τις
669 796 843 866 θέλει,
883 798 975 851 διὰ
1013 798 1108 860 τὰς
1146 797 1355 860 κοινάςε
1397 828 1465 834 -
1490 796 1656 850 ADI

0 949 18 1150 ξ
813 988 936 1059 Cap.
962 988 1053 1042 III.

245 1092 329 1146 Ἐκ
367 1103 479 1147 τῶν
518 1095 801 1162 Λογγίνου
841 1101 941 1146 τοῦ
983 1095 1322 1163 φιλοσόφουε
1362 1124 1435 1131 -
1466 1094 1510 1160 Q

0 1151 99 1223 124
241 1176 380 1238 πούς
431 1174 545 1228 ἐστι
598 1184 787 1229 ποσῶν
836 1173 926 1227 καὶ
979 1184 1157 1228 ποιῶν
1212 1176 1478 1237 σύνθεσις
1525 1178 1820 1242 συλλαβῶν
1845 1200 1886 1231 ιο

0 1188 99 1438 rw]
132 1258 210 1319 εἰς
249 1256 600 1326 εὐπρέπειανε
642 1288 711 1294 —
737 1255 954 1309 ACDI

241 1337 347 1391 ἀπὸ
401 1338 635 1408 ῥυθμῶν
682 1338 715 1406 ἢ
763 1337 1086 1391 συνθέσεων
1133 1337 1164 1406 ἢ
1211 1341 1425 1391 πόλεων
1463 1336 1820 1407 χρησαμένων

131 1421 188 1473 οί
222 1421 387 1482 πόδες
426 1421 527 1487 τὴν
566 1419 873 1488 ὀνομασίαν
912 1421 1228 1488 εἰλήφασινε
1269 1451 1338 1456 -
1367 1419 1470 1471 AI

240 1503 305 1554 τὰ
344 1501 513 1570 μέτρα
551 1499 655 1553 ἀπὸ
695 1501 886 1553 ποδῶν
924 1510 1095 1552 τινῶν
1134 1510 1245 1553 τῶν
1285 1500 1524 1570 ἐχόντων
1555 1502 1654 1554 τὸν
1696 1506 1819 1553 ἴσον

130 1584 300 1651 λόγον
339 1583 371 1652 ἢ
410 1592 522 1635 τῶν
568 1580 807 1651 ἐχόντων
851 1583 952 1635 τὸν
990 1584 1320 1636 διπλασίονα
1359 1582 1391 1651 ἢ
1430 1593 1543 1636 τῶν
1582 1583 1819 1652 ἐχόντων
1843 1606 1885 1639 15

130 1664 229 1716 τὸν
281 1665 548 1733 ἡμιόλιον.
623 1664 712 1716 καὶ
767 1671 866 1716 τοῦ
921 1664 1022 1733 μὲν
1079 1669 1202 1717 ἴσου
1265 1663 1336 1717 ἂν
1389 1670 1472 1733 εἴη
1529 1665 1818 1727 δάκτυλος·

129 1747 308 1814 μακρὰ
360 1748 457 1814 μία
510 1746 614 1814 γὰρ
669 1746 759 1798 καὶ
814 1746 916 1799 δύο
971 1749 1222 1815 βραχεῖαι
1268 1746 1366 1798 τὸν
1413 1745 1585 1798 αὐτὸν
1629 1743 1817 1815 ἔχουσι

0 1445 12 1616 ἱ

0 1618 8 1653 b

0 1697 7 1734 ἰ

0 1876 7 1909 Ἰ
249 1913 275 1950 4
307 1906 398 1950 Ioa.
426 1906 575 1950 Tzctz.
603 1905 688 1949 AO
714 1905 777 1948 ΠΙ
802 1909 886 1948 318
913 1906 1018 1948 adn.
1045 1908 1058 1962 ΙΙ
1086 1910 1139 1949 10
1165 1905 1325 1950 Chocr.
1345 1910 1415 1960 56,
1433 1911 1485 1950 19
1502 1921 1598 1963 sqq.
1649 1905 1819 1950 sehol.1³

130 1965 228 2023 (lib.
245 1965 304 2021 V)
328 1981 358 2022 p
401 1971 471 2018 25,
490 1969 545 2008 20
585 1968 598 2021 ΙΙ
640 1970 693 2008 12
727 1964 897 2009 schol.¹³
927 1981 972 2021 p.
999 1970 1070 2019 27,
1097 1970 1165 2009 20.
1217 1966 1303 2008 An.
1330 1966 1486 2010 Ambr.
1513 1965 1604 2009 AV
1629 1970 1729 2020 222,
1748 1970 1773 2009 2
1805 1968 1818 2021 ΙΙ

0 2062 9 2085 ,
132 2031 187 2069 14
211 2025 411 2069 Aristox.
437 2027 576 2080 ρυθμ.
604 2039 744 2082 στοιχ.
770 2025 812 2068 II
837 2028 923 2068 300
947 2024 1008 2067 M.
1035 2027 1096 2082 (p.
1127 2030 1195 2080 12,
1215 2030 1268 2068 15
1287 2025 1377 2081 W).
1433 2026 1519 2069 An.
1545 2025 1702 2069 Ambr.
1727 2024 1820 2068 AV

0 2090 8 2150 ξ
135 2089 234 2139 227,
253 2090 393 2142 6sqq

251 2223 272 2260 1
307 2216 590 2273 παρέλοιπεν
625 2218 716 2272 CI,
763 2215 1014 2274 παρέλειψε
1046 2219 1096 2262 D
1154 2218 1159 2275 Ι
1218 2215 1481 2271 συναίρεσις
1511 2217 1598 2261 δύο
1631 2224 1819 2274 μακρῶν

131 2276 296 2333 scripsi
320 2279 398 2333 (an
429 2277 513 2333 τὴν
546 2274 811 2332 συναίρεσιν
844 2276 978 2320 scrib.
991 2279 1043 2333 ζ’),
1076 2275 1301 2332 διαίρεσις
1324 2277 1409 2321 δύο
1442 2276 1623 2351 μακρὰς
1646 2276 1779 2320 codd
1806 2279 1819 2332 Η

131 2342 156 2379 2
190 2351 266 2380 οπ.
292 2352 328 2379 ο.
358 2336 390 2380 ἑ
418 2336 593 2394 011101
622 2337 845 2395 βραχεῖαν
877 2336 927 2382 δὲ
957 2338 1063 2392 (om.
1089 2351 1157 2392 pr.
1183 2336 1279 2392 καὶ)
1304 2338 1365 2392 ΙΙ
1393 2334 1613 2394 βραχείας
1643 2339 1690 2379 et
1722 2352 1819 2379 κοι-

131 2401 215 2451 νῆς
243 2395 449 2451 Wilam.,
482 2397 703 2454 βραχειαν
737 2397 783 2439 et
814 2395 977 2452 κοινὴν
1011 2396 1143 2439 codd.
1179 2398 1193 2452 ΙΙ
1234 2400 1258 2438 3
1291 2396 1396 2439 ἀντὶ
1428 2402 1610 2452 μακρᾶς
1639 2396 1681 2450 Ι,
1713 2395 1820 2439 ἀντὶ

131 2462 239 2510 μιᾶς
268 2462 450 2511 μακρᾶς
472 2456 521 2499 D
554 2456 615 2506 ὡς
641 2454 677 2499 Ο
706 2468 794 2498 om.
821 2455 866 2499 A
889 2457 903 2511 Η
927 2460 955 2498 4
986 2455 1138 2498 totum
1167 2468 1348 2499 versum
1381 2454 1526 2499 habet
1555 2456 1608 2498 ut
1635 2453 1754 2498 solet
1779 2457 1819 2509 I,

131 2515 220 2557 δεω
252 2512 448 2572 Αχιλῆος
479 2528 567 2558 om.
596 2515 634 2559 C
653 2517 667 2570 ΙΙ
691 2519 805 2558 4-7
839 2514 887 2556 in
914 2515 947 2557 I
971 2514 1271 2571 coniungitur
1295 2529 1399 2558 cum
1432 2513 1572 2558 schol.
1608 2514 1817 2557 anteced.

130 2573 281 2616 verbis
313 2574 393 2617 καὶ
424 2572 563 2617 πάλιν
597 2573 792 2629 ἑτέρωθι
837 2575 851 2629 ΙΙ
898 2579 924 2618 5
956 2572 1125 2629 κέδρου
1151 2573 1278 2618 Caes,
1306 2573 1408 2617 coll.
1433 2573 1527 2617 Ioa.
1553 2573 1703 2617 Tzcssz.
1730 2572 1817 2617 AO

129 2631 193 2675 HI
225 2636 309 2675 318
343 2633 472 2687 adn.,
516 2630 702 2687 κεδρίον
734 2634 805 2686 D,
850 2634 1066 2688 κεδρινοῦ
1099 2635 1148 2688 Ι,
1186 2631 1435 2688 δενδρίνου
1468 2634 1512 2676 Α
1570 2634 1576 2687 Ι
1633 2633 1817 2690 καπνῷ]

131 2694 280 2748 χαλκῶ
312 2692 348 2734 Ι
371 2694 386 2748 ΙΙ
418 2698 443 2735 5
476 2688 612 2743 οὗτος
643 2691 666 2735 ὁ
702 2689 870 2750 στίχος]
904 2698 1037 2736 τοῦτο
1071 2693 1159 2736 DI
1186 2695 1200 2748 ΙΙ
1228 2697 1250 2735 7
1286 2690 1358 2736 ὅτε
1390 2693 1454 2747 ΙΙΙ
1481 2696 1594 2734 1-7
1628 2691 1688 2734 ad
1721 2705 1819 2734 am-

131 2749 255 2806 plius
280 2750 572 2794 enchiridion
595 2751 821 2795 rofei-end.
842 2753 998 2795 censet
1013 2751 1201 2795 Wilam.
1220 2754 1234 2808 ΙΙ
1254 2757 1308 2795 10
1332 2748 1627 2806 noelCaes.,3'1
1654 2751 1785 2794 codd.
1809 2752 1813 2804 f

131 2817 279 2854 ποιῶν
312 2807 340 2865 ἢ
371 2817 530 2854 ποσῶν
555 2812 645 2854 DI
664 2813 678 2866 ΙΙ
706 2816 755 2853 11
784 2811 868 2881 εἰς]
894 2810 1011 2865 πρὸς
1034 2811 1123 2854 DI
1141 2813 1156 2867 ΙΙ
1183 2817 1237 2855 14
1268 2811 1345 2869 τὰ]
1378 2809 1554 2867 γίνεται
1584 2809 1642 2854 τὰ
1666 2811 1730 2864 D,
1761 2810 1818 2853 τὰ

132 2867 182 2912 δὲ
214 2869 275 2927 ΙΙ
302 2876 441 2913 τινῶν
475 2869 562 2913 εἰσι
595 2871 624 2913 1
649 2870 655 2927 Ι
683 2869 784 2928 τὸν]
818 2867 844 2925 ἢ
878 2871 909 2913 Ι
929 2872 942 2926 ΙΙ
969 2873 1023 2913 15
1055 2877 1148 2914 τῶν
1181 2870 1382 2945 ἐχόντων
1413 2870 1494 2914 τὸν
1527 2869 1599 2913 bis
1632 2884 1718 2913 om.
1747 2872 1781 2914 I
1809 2871 1812 2927 1

132 2944 159 2982 η
180 2954 233 2959 -
252 2926 531 2973 διπλασιονα
564 2942 650 2972 om.
684 2930 734 2973 D
757 2931 771 2985 ΙΙ
798 2933 852 2971 17
885 2927 968 2983 μία
1000 2928 1088 2985 γὰρ
1122 2929 1277 2985 μακρὰ
1305 2930 1398 2974 DI
