2090 3158
699 169 843 209 ΠΕΡΙ
874 168 1242 210 ΠοῑΗΜΑΤΩΝ
1274 170 1309 211 1.
1782 167 1852 218 63

166 301 228 354 δὲ
273 298 502 355 ἔλαττον
549 303 617 355 ὃν
663 313 834 371 τριῶν
873 305 1173 370 συζυγιῶν,
1222 301 1318 355 ἐὰν
1356 299 1458 371 μὲν
1495 305 1720 371 πλήρεις
1757 299 1853 372 ἔχῃ

164 384 260 446 τὰς
306 386 588 452 συζυγίας,
637 384 1012 452 ἀκατάληκτόν
1059 382 1173 436 ε’στι
1220 383 1309 436 καὶ
1359 387 1602 436 καλεῖται
1655 387 1852 451 κῶλον,

165 464 262 517 ἐὰν
302 464 366 518 δέ
400 485 453 518 τι
493 464 730 535 ἐλλείπῃ,
769 467 961 534 κόμμα.

13 550 136 609 [119]
277 546 541 615 Σύστημα
593 546 658 600 δέ
704 545 818 600 ἐστι
868 546 1083 616 μέτρων
1133 548 1454 615 συναγωγή,
1502 549 1625 615 ἤτοι
1670 547 1772 599 δύο
1820 546 1851 613 ἢ

163 629 452 693 πλειόνων,
493 629 525 697 ἢ
566 629 774 697 ὁμοίων
811 627 844 696 ἢ
877 628 1177 696 ἀνομοίων·
1217 628 1497 696 ἀνομοίων
1528 627 1645 697 με’ν,
1685 628 1758 690 ὡς
1789 630 1853 681 τὰ

165 706 374 776 ἐλεγεῖα
422 709 706 779 [ἑξαμέτρου
753 714 845 780 γάρ
893 712 991 763 ἐστι
1036 712 1158 778 πρὸς
1205 713 1531 778 πεντάμετρον
1569 709 1850 778 κοινωνία·]

164 788 254 842 καὶ
295 792 348 844 οἱ
388 789 614 864 ἐπωδοί·
653 792 714 845 τὸ
756 792 817 845 δὲ
857 789 910 855 ἐξ
945 791 1168 860 ὁμοίων,
1209 791 1279 853 ὡς
1312 791 1372 843 τὸ
1406 791 1669 862 δεύτερον
1702 794 1853 843 Σαπ-

167 880 328 940 φοῦς,
368 872 441 935 ὡς
479 875 769 943 προϊόντες
808 872 1073 941 δείξομεν.

276 951 588 1022 (2)”Οντων
613 956 680 1023 δὴ
705 955 918 1008 τούτων
940 964 1052 1007 τῶν
1076 954 1332 1007 ἀνωτάτω
1365 963 1561 1022 γενῶν,
1594 955 1728 1007 κατὰ
1753 955 1854 1022 τὴν

12 1039 138 1098 [120]
163 1035 376 1088 τούτων
426 1035 601 1102 μεῖξιν
650 1036 949 1105 ὑφίσταται
995 1036 1060 1088 τά
1107 1055 1164 1088 τε
1211 1037 1401 1104 μεικτά
1448 1037 1641 1104 γενικὰ
1685 1051 1853 1104 προσ-

164 1119 541 1186 αγορευόμενα
579 1116 670 1170 καὶ
710 1119 775 1170 τὰ
813 1119 974 1171 κοινὰ
1015 1117 1407 1186 [συστηματικά].

276 1197 386 1251 Καὶ
426 1201 588 1267 μικτὰ
626 1200 728 1266 μὲν
766 1200 974 1267 γενικά,
1014 1200 1086 1261 ὡς
1125 1200 1181 1251 αἱ
1213 1199 1513 1271 τραγῳδίαι
1543 1197 1634 1251 καὶ
1668 1200 1724 1252 αἱ
1754 1218 1853 1251 πα-

76 1289 131 1329 65
165 1278 315 1332 λαιαὶ
347 1282 650 1350 κωμῳδίαι·
680 1280 845 1350 μέρος
876 1278 977 1348 μὲν
1008 1282 1112 1349 γὰρ
1143 1282 1358 1333 τούτων
1389 1280 1687 1349 γέγραπται
1719 1282 1854 1333 κατὰ

163 1365 368 1431 στίχον,
407 1361 570 1431 μέρος
611 1363 672 1416 δὲ
710 1364 846 1416 κατὰ
887 1364 1147 1431 σύστημα.
1673 1412 1675 1414 ,

275 1445 454 1496 Κοινὰ
473 1441 533 1496 δὲ
553 1444 950 1513 [συστηματικά],
969 1445 1105 1514 ἅπερ
1131 1443 1267 1496 καὶὸ
1291 1445 1427 1496 κατὰ
1446 1446 1635 1513 στίχον
1660 1444 1853 1514 γεγρά-

165 1530 322 1627 φθαι
367 1526 596 1595 φάσκων
647 1526 816 1601 ὑγιῶς
867 1525 938 1579 ἂν
983 1525 1134 1594 λέγοι
1190 1526 1279 1579 καὶ
1327 1525 1356 1578 ὁ
1403 1527 1538 1578 κατὰ
1587 1525 1853 1594 σύστημα,

164 1607 236 1669 ὡς
274 1607 334 1659 τὸ
377 1607 640 1676 δεύτερον
679 1608 768 1660 καὶ
807 1609 995 1677 τρίτον
1035 1611 1321 1676 Σαπφοῦς.
1385 1608 1477 1660 διὰ
1514 1627 1615 1676 μεν
1654 1608 1758 1675 γὰρ
1791 1607 1851 1659 τὸ

165 1686 225 1741 ἐν
265 1696 379 1750 τοῖς
424 1691 679 1751 παλαιοῖς
719 1689 1080 1759 ἀντιγράφοις
1121 1690 1256 1742 κατὰ
1298 1690 1399 1742 δύο
1441 1689 1580 1758 ὁραν
1619 1706 1853 1758 παραγε-

162 1769 478 1839 γραμμένου
518 1769 748 1823 ἕκαστον
797 1773 964 1842 ᾆσμα,
1012 1769 1102 1823 καὶ
1142 1767 1221 1823 ἔτι
1263 1772 1355 1823 διὰ
1393 1771 1454 1823 τὸ
1493 1770 1668 1838 μηδὲν
1708 1770 1853 1838 εὑρί-

164 1857 396 1905 σκεσθαι
436 1851 681 1922 ἀριθμοῦ
721 1860 997 1920 περιττοῦ,
1037 1853 1171 1905 κατα
1211 1854 1526 1920 συστήματα
1562 1854 1854 1920 νομίζομεν
1878 1872 1897 1904 2

163 1933 301 1986 αὐτὰ
348 1934 687 2003 γεγράφθαι·
736 1934 904 1987 πάλιν
945 1933 1030 2001 δέ,
1070 1940 1144 2005 τῷ
1180 1933 1373 2002 ὅμοιον
1414 1931 1672 2002 ἑκάτερον
1712 1927 1852 1985 εἶναι

162 2024 274 2068 τῶν
313 2013 374 2068 ἐν
413 2024 476 2084 τῇ
519 2015 683 2067 δυάδι
725 2019 951 2084 στίχων,
999 2016 1088 2068 καὶ
1128 2021 1202 2087 τῷ
1238 2015 1518 2067 δύνασθαι
1558 2016 1658 2082 τὴν
1698 2016 1852 2081 ποιή-

9 2100 135 2160 [121]
162 2116 321 2164 τριαν
360 2098 495 2150 κατὰ
533 2097 705 2165 τύχην
745 2098 868 2149 τινὰ
909 2096 1101 2166 ἀρτίου
1140 2097 1318 2149 πάντα
1350 2096 1596 2165 ἀριθμοῦ
1628 2113 1853 2162 πεποιη-

164 2178 335 2246 κέναι,
377 2180 512 2247 φαίη
553 2199 635 2240 τις
675 2177 744 2230 ἂν
783 2180 918 2231 κατὰ
958 2180 1148 2247 στίχον
1187 2178 1325 2230 αὐτὰ
1364 2178 1694 2246 γεγράφθαι.

278 2261 360 2328 (3)
402 2259 777 2328 Δεδειγμένου
821 2260 880 2312 δὲ
919 2260 1050 2328 ἡμῖν
1089 2261 1144 2312 τί
1181 2259 1241 2312 τέ
1278 2259 1391 2312 ε’στι
1433 2260 1632 2327 στίχος,
1673 2259 1761 2310 καὶ
1803 2260 1856 2310 τί

284 2425 419 2476 4sqq.
440 2419 610 2464 schol.1³
629 2424 669 2473 8,
686 2425 710 2464 5
726 2435 824 2476 sqq.
837 2422 849 2477 ΙΙ
867 2424 892 2462 8
919 2420 1135 2474 δεύτερον
1149 2419 1400 2477 Σαπφοῦς]
1425 2434 1469 2475 p.
1489 2424 1558 2473 23,
1572 2423 1625 2461 15
1642 2419 1656 2476 Ῑῐ
1676 2424 1727 2461 17
1749 2418 1852 2462 δεύ-

165 2495 299 2534 τερον
332 2480 411 2523 καὶ
442 2478 598 2535 τρίτον
625 2481 876 2537 Σαπφοῦς]
908 2495 951 2535 p.
980 2483 1050 2532 23,
1070 2484 1139 2523 15.
1175 2484 1244 2533 34,
1265 2484 1318 2522 12

287 2632 309 2670 1
342 2634 482 2682 τριῶν
514 2628 586 2681 Η,
620 2628 705 2671 δύο
739 2629 823 2671 ΑΙ
844 2629 857 2683 ΙΙ
883 2632 907 2670 3
940 2644 983 2670 τι
1016 2640 1102 2670 om.
1138 2629 1202 2682 ΙΙΙ
1228 2631 1252 2669 6
1288 2624 1608 2683 ἑξαμέτρου-
1629 2624 1853 2669 κοινωνία

167 2689 218 2729 ut
249 2686 545 2744 grammatici
579 2687 951 2730 additamentum
979 2685 1084 2730 secl.
1108 2685 1279 2730 Caesar
1302 2688 1315 2742 Η
1343 2691 1393 2728 11
1423 2684 1571 2728 solum
1604 2684 1740 2728 κοινὰ
1774 2687 1855 2727 aut

166 2745 302 2789 κοινὰ
342 2745 502 2802 γενικὰ
533 2746 820 2802 Hephaestio
854 2746 1094 2802 scripsisse
1124 2745 1327 2799 videtur,
1362 2744 1671 2799 συστηματικά
1705 2744 1852 2796 codd,

167 2804 337 2848 scholss
368 2821 411 2861 p.
439 2810 538 2859 8,8‚
579 2805 634 2849 Is.
662 2805 737 2848 Tz.
764 2821 808 2861 p.
837 2809 944 2857 63‚1
994 2807 1007 2860 ΙΙ
1057 2810 1109 2848 15
1144 2802 1455 2860 συστηματικά
1488 2803 1635 2856 codd„
1670 2803 1852 2855 sch01.1³,

166 2862 221 2906 Is.
247 2863 338 2916 Tz.‚
371 2863 519 2920 Heph.
555 2864 716 2920 γενικά
740 2867 754 2920 11
779 2868 834 2906 20
868 2864 1072 2920 σύστημα
1105 2865 1135 2906 Ι
1156 2866 1170 2919 ΙΙ
1195 2869 1248 2906 22
1283 2867 1344 2922 τῷ
1371 2864 1418 2915 Ι,
1449 2862 1500 2906 τὸ
1535 2864 1578 2906 Α
1603 2864 1616 2917 ΙΙ
1641 2868 1695 2904 25
1728 2863 1771 2905 τὶ
1803 2863 1852 2905 τὸ

167 2919 319 2978 κόμμα
351 2923 384 2965 Ι

1879 1058 1921 1090 10

1879 1465 1919 1498 15

1878 2279 1919 2312 25
