2060 3168
0 1767 130 1826 (276¹)

631 159 695 201 IV
734 159 879 200 ΠΕΡΙ
908 157 1373 200 ΑΝΑΠΑΙΣΤΙΚΟΤ
1740 157 1845 211 381

158 309 302 350 μετρα
334 292 386 338 δὲ
418 291 715 349 ἀκατάληκτα
745 290 804 334 τὰ
843 288 1123 347 προκείμενα
1154 287 1260 346 τρία
1293 290 1393 347 ἔπη.
1451 287 1851 348 ’Τπερκατάληκτα

160 360 211 404 δὲ
242 359 301 403 τὰ
334 357 411 416 ἐφ’
442 358 616 418 ἑκάστῳ
647 358 824 403 τούτων
856 357 936 402 καὶ
967 355 1080 414 μίαν
1104 356 1334 415 συλλαβὴν
1359 357 1523 414 ἔχοντα
1548 355 1777 402 ἐπέκεινα.
1796 385 1849 390 -

161 426 257 469 Καὶ
287 427 395 482 περὶ
426 427 510 483 μὲν
540 432 622 470 τοῦ
654 426 951 482 λογαοιδικοῦ
982 429 1197 467 τοσαῦτα.

902 587 1011 644 Cap.
1038 587 1112 630 IV.

651 676 715 721 δ’.
757 678 899 731 Περὶ
931 678 1366 721 ἀναπαιστικοῦ.

280 766 416 811 Μετὰ
448 766 499 810 τὸ
533 766 638 821 περὶ
669 773 750 810 τοῦ
783 768 1077 820 δακτυλικοῦ,
1108 773 1191 810 τοῦ
1214 782 1263 810 τε
1295 764 1467 820 κυρίως
1494 766 1572 809 καὶ
1597 772 1687 808 τῶν
1713 765 1851 809 εἰδῶν

162 833 352 887 τούτου,
392 835 633 891 διαλαβεῖν
674 833 865 889 εὔλογον
906 830 965 877 ἂν
1006 831 1076 888 εἴη
1117 833 1197 876 καὶ
1243 833 1349 887 περὶ
1387 839 1468 876 τοῦ
1509 833 1851 877 ἀναπαιστικοῦ

162 899 328 956 μέτρου
369 899 573 952 διδάξαι.
637 900 698 951 ὡς
737 899 824 957 γὰρ
866 898 890 943 ὁ
929 906 1147 958 τροχαῖος
1188 900 1267 943 καὶ
1306 899 1357 943 τὸ
1399 899 1448 943 ἐκ
1486 899 1654 943 τούτου
1686 897 1852 955 μέτρον

162 967 424 1018 ἀντιπαθὲς
455 962 513 1023 ἧν
545 970 608 1027 τῷ
641 965 791 1026 ἰάμβῳ
823 966 874 1011 ἐν
905 973 1064 1020 πᾶσιν,
1097 966 1157 1016 ὡς
1190 966 1382 1022 ἔφαμεν,
1414 963 1532 1010 οὕτω
1566 965 1645 1008 καὶ
1679 964 1702 1009 ὁ
1736 963 1852 1008 ἀνά-

161 1048 371 1087 παιστος,
405 1030 458 1077 ὅν
489 1049 611 1084 τινες
642 1034 703 1084 ὡς
734 1032 924 1089 εἰπομεν
956 1033 1035 1076 καὶ
1066 1032 1404 1077 ἀντιδάκτυλον
1435 1035 1642 1086 καλοῦσι,
1674 1035 1734 1090 τῷ
1767 1033 1851 1075 δα-

1878 1044 1919 1075 10

163 1100 322 1160 κτύλῳ.
394 1099 535 1143 πάλιν
582 1098 671 1157 γὰρ
717 1100 970 1143 κάνταῦθα
1017 1106 1125 1156 μιᾶς
1172 1100 1398 1157 συλλαβῆς
1443 1096 1778 1154 προστεθείσης
1823 1095 1881 1153 ἢ

161 1165 504 1223 ἀφαιρεθείσης
542 1173 624 1210 τοῦ
663 1168 942 1210 δακτυλικοῦ
983 1164 1140 1224 στίχου
1179 1164 1357 1222 γίνεται
1396 1165 1735 1216 ἀναπαιστικὸς
1773 1164 1852 1208 καὶ

163 1233 358 1290 ἔμπαλιν
391 1230 494 1278 οἷον

430 1301 510 1344 καὶ
543 1301 598 1343 σὺ
631 1299 850 1356 μάκαιρα.

288 1366 351 1410 Τὸ
384 1365 546 1411 τοίνυν
579 1366 921 1411 ἀναπαιστικὸν
954 1364 1119 1422 μέτρον
1144 1367 1404 1410 καθολικὸν
1428 1367 1508 1410 καὶ
1532 1365 1719 1423 ’γενικόν
1745 1366 1852 1420 ἐστι,

164 1432 296 1477 καθὰ
336 1433 413 1476 καὶ
453 1434 505 1478 τὸ
547 1431 836 1477 δακτυλικόν.
900 1433 976 1476 καὶ
1016 1433 1068 1476 τὸ
1109 1432 1192 1488 μὲν
1231 1433 1376 1476 αὐτοῦ
1417 1434 1511 1478 ἐστι
1549 1433 1600 1476 τὸ
1635 1433 1852 1488 καθαρὸν

166 1498 522 1554 ἀναπαιστικόν,
556 1498 667 1555 ’ὅπερ
701 1499 820 1543 κατὰ
849 1507 1008 1543 πᾶσαν
1032 1501 1187 1558 χώραν
1211 1521 1286 1542 vu
1303 1537 1327 1543 -
1353 1499 1646 1543 ἀνάπαιστον
1671 1498 1848 1558 δέχεται

165 1566 246 1609 καὶ
279 1603 303 1609 -
323 1604 348 1609 -
382 1568 647 1621 σπονδεῖον,
679 1564 886 1617 σπανίως
917 1566 967 1610 δὲ
1001 1566 1081 1609 καὶ
1112 1587 1276 1609 υυυψ
1304 1565 1772 1623 προκελευσματικόν,
1805 1564 1855 1616 ὅς

166 1631 288 1676 ἐστιν
321 1633 371 1677 ἐκ
401 1632 634 1689 τεσσάρων
664 1634 907 1692 βραχειῶν,
939 1633 1019 1676 καὶ
1049 1670 1073 1676 -
1091 1655 1166 1675 vu
1189 1632 1438 1677 δάκτυλον·
1471 1633 1523 1676 τὸ
1557 1632 1608 1677 δὲ
1632 1633 1853 1677 Αἰολικὸν

166 1698 530 1754 ἀναπαιστικόν,
571 1699 683 1756 ὅπερ
724 1699 895 1758 ἴαμβον
935 1698 1116 1757 δέχεται
1156 1698 1238 1743 ἕνα
1278 1700 1327 1743 ἐν
1367 1706 1420 1758 τῇ
1466 1700 1609 1758 ἀρχῇ,
1655 1700 1764 1751 τοὺς
1802 1700 1852 1744 δὲ

166 1765 357 1818 λοιποὺς
396 1765 564 1822 ὁμοίως
594 1769 657 1826 τῷ
682 1764 852 1821 κυρίως
882 1767 1217 1826 ἀναπαιστικῷ·
1251 1766 1303 1810 τὸ
1337 1768 1364 1809 δ
1374 1763 1386 1779 '
1414 1766 1521 1810 ἄλλο
1554 1765 1853 1822 λογαοιδικόν

168 1833 289 1876 ἐστιν
321 1832 679 1887 ἀναπαιστικόν,
712 1832 825 1887 ’ὅπερ
860 1833 936 1876 ἐπὶ
966 1832 1082 1876 τέλει
1115 1833 1170 1876 οὐ
1203 1832 1455 1891 τροχαῖκὴν
1487 1832 1725 1887 διποδίαν,
1757 1830 1850 1877 ἀλλ’

169 1899 339 1958 ἱάμβον
380 1898 462 1944 ἕνα
502 1899 686 1956 δέχεται
724 1899 804 1942 καὶ
843 1897 954 1954 μίαν
988 1899 1216 1957 συλλαβὴν
1256 1899 1440 1955 μακρὰν
1473 1900 1534 1949 ὡς
1567 1900 1643 1944 ἐπὶ
1674 1900 1792 1944 πολὺ
1824 1898 1853 1955 ἢ

169 1968 415 2024 βραχεῖαν,
455 1966 517 2017 ὡς
560 1963 682 2010 εἶναι
719 1966 800 2010 τὸν
838 1968 1102 2009 τελευταῖον
1141 1966 1267 2010 πόδα
1312 1965 1338 2022 ἢ
1378 1988 1498 2010 υ-υ
1535 1965 1854 2025 ἀμφίβραχυν,

168 2033 251 2078 ἐὰν
292 2032 484 2091 βραχεῖά
526 2032 648 2077 ἐστιν
680 2032 708 2089 ἡ
740 2030 978 2077 τελευταία
1020 2032 1240 2090 συλλαβή,
1281 2031 1308 2088 ἢ
1341 2055 1412 2077 υ-
1433 2071 1456 2077 ,.
1491 2035 1731 2091 βακχεῖον,
1771 2033 1854 2079 ἐὰν

168 2099 345 2155 μακρά,
386 2097 409 2143 ὃ
451 2099 508 2155 δὴ
550 2086 629 2142 καὶ
669 2100 730 2151 ὡς
770 2099 844 2142 ἐπὶ
876 2099 926 2142 τὸ
959 2101 1173 2143 πλεῖστον
1206 2100 1266 2151 ὡς
1298 2100 1475 2156 ἔφαμεν
1507 2097 1696 2156 γίνεται.
1762 2101 1854 2145 ἔστι

167 2167 254 2223 γὰρ
296 2167 318 2211 ὁ
360 2168 443 2223 μὲν
483 2165 781 2224 ἀμφίβραχυς
816 2166 866 2210 ἐκ
907 2164 1126 2224 βραχείας
1164 2166 1242 2209 καὶ
1282 2159 1463 2222 μακρᾶς
1501 2167 1580 2210 καὶ
1620 2166 1854 2227 βραχείας,

168 2230 269 2278 οἷον
305 2234 499 2291 τἔγωγέ,
541 2232 563 2276 ὁ
605 2232 656 2276 δὲ
696 2234 911 2290 βακχεῖος
950 2233 999 2277 ἐκ
1040 2231 1258 2291 βραχείας
1289 2234 1369 2276 καὶ
1401 2233 1486 2277 δύο
1519 2241 1719 2289 μακρῶν.
1777 2232 1855 2286 Ὡς

167 2299 219 2345 δὲ
243 2300 275 2344 ’ὁ
310 2300 535 2352 δάκτυλος
567 2299 820 2344 οἰκειοῦται
851 2303 914 2359 τῷ
947 2298 1146 2360 τροχαίῳ
1186 2300 1246 2350 ὡς
1277 2300 1370 2343 ἀπὸ
1404 2307 1585 2355 μακρᾶς
1615 2299 1853 2360 ἀρχομένῳ

169 2367 248 2411 καὶ
279 2366 463 2424 λήγοντι
497 2367 562 2416 εἰς
594 2369 818 2424 βραχεῖαν
851 2366 981 2410 καθὰ
1013 2367 1092 2410 καὶ
1124 2367 1264 2418 αὐτὸς
1296 2365 1319 2409 ὃ
1353 2366 1591 2419 δάκτυλος,
1623 2366 1742 2411 οὕτω
1774 2369 1854 2412 καὶ

169 2432 192 2476 ὁ
226 2432 514 2485 ἀνάπαιστος
545 2431 715 2482 οἰκεῖός
747 2433 838 2476 ἐστι
871 2437 931 2490 τῷ
964 2432 1128 2492 ἰάμβῳ,
1160 2434 1221 2484 ὡς
1245 2434 1337 2477 ἀπὸ
1363 2431 1583 2491 βραχείας
1615 2434 1854 2494 ἀρχομένῳ

169 2498 338 2556 ὁμοίως
385 2500 514 2559 αὐτῷ.
585 2499 666 2542 διὰ
712 2506 846 2542 τοῦτο
893 2500 944 2543 τὸ
992 2501 1074 2557 μὲν
1115 2500 1393 2545 δακτυλικὸν
1441 2501 1738 2556 λογαοιδικὸν
1779 2501 1853 2545 ἐπὶ

167 2565 283 2611 τέλει
315 2566 566 2624 τροχαϊκὴν
599 2565 777 2624 ἐδέχετο
811 2565 1048 2620 διποδίαν,
1081 2566 1131 2610 τὸ
1165 2568 1215 2611 δὲ
1248 2568 1588 2611 ἀναπαιστικόν
1619 2570 1854 2624 λογαοιδι-

292 2719 342 2758 19
385 2716 432 2758 et
471 2714 569 2757 cod.
606 2713 647 2756 H
680 2726 752 2771 ap.
787 2714 934 2769 Heph.
964 2719 1032 2767 24,
1054 2720 1106 2757 15
1141 2717 1187 2758 et
1219 2715 1389 2758 schol.¹³
1418 2721 1518 2771 275,
1539 2720 1592 2757 18
1625 2715 1746 2759 male
1780 2716 1854 2760 hic

173 2774 278 2816 add.
313 2773 482 2831 ἰάμβον

291 2918 315 2955 2
349 2915 428 2957 καὶ
462 2914 548 2958 del.
582 2914 708 2971 Jung
745 2917 759 2969 ΙΙ
799 2918 851 2957 14
883 2914 987 2958 fort.
1021 2915 1158 2958 inissio
1192 2915 1298 2958 add.
1333 2916 1445 2974 <‘o‘1*›
1479 2915 1702 2971 μάκαιρα’
1737 2918 1851 2976 καὶ)

1879 1378 1919 1409 15

1879 1710 1920 1742 20

1879 2049 1920 2082 25

1878 2386 1921 2418 30
