2060 3168
178 212 286 264 236
633 213 943 255 ΓΕΩΡΓΙΟΤ
973 212 1414 254 ΧοΙΡοΒοΣΚοΤ

179 349 267 400 καὶ
307 349 476 401 πάλιν

327 429 514 499 πρῶτά
547 450 654 482 νυν
679 427 916 496 Ὀρφῆος
945 429 1285 497 μνησώμεθα
1318 426 1520 498 (Apoll.
1537 425 1864 497 Rhod.123)

179 510 269 563 καὶ
311 510 617 577 ἐγκλίνεται
655 511 716 563 τὸ
758 530 900 580 νυνἼ

292 590 402 662 (30,
428 590 524 662 21)
565 593 777 645 Φίλικοε
817 594 876 643 δὲ
917 591 947 643 ὁ
983 593 1301 656 Κερκυραῖος
1335 590 1408 643 εἷς
1441 592 1517 643 ὢν
1550 595 1642 655 τῆ(
1669 591 1864 642 Πλειά-

137 701 155 733 5
181 680 295 727 boc·
336 673 427 726 καὶ
466 675 531 726 τὰ
572 671 705 741 ἑξῆς.
737 704 812 710 ——
837 671 1040 725 Ἰστέον
1073 672 1156 724 ὅτι
1191 671 1274 724 ε’πὶ
1318 681 1429 724 τῶν
1470 673 1684 740 χρόνων
1723 675 1865 723 Πτο-

181 757 408 823 λεμαίου
455 763 555 807 τοῦ
601 753 959 822 Φιλαδέλφου
999 752 1130 806 ἑπτα
1178 754 1394 820 ἄριστοι
1446 754 1704 821 γεγόνασι
1742 772 1866 820 τρα-

180 838 352 904 γικοί,
405 836 502 898 οὓς
549 836 800 888 Πλειάδα
847 834 1111 887 ἐκάλεσαν
1160 836 1251 886 διὰ
1297 835 1356 886 τὸ
1405 836 1686 902 λαμπροὺς
1726 826 1866 886 εἶναι

182 917 242 970 έν
288 927 352 987 τῇ
399 926 628 986 τραγικῇ
679 917 752 978 ὡς
798 918 864 969 τὰ
920 919 1090 984 ἄστρα
1145 924 1239 983 τῆς
1289 916 1576 976 Πλειάδος.
1653 912 1759 967 εἰσὶ
1809 914 1868 966 δὲ

183 995 358 1051 οὗτοι·
402 997 664 1067 Ὅμηρος,
713 998 813 1067 οὐχ
855 998 882 1050 ὁ
925 1001 1150 1066 ποιητής
1193 996 1339 1067 (περὶ
1381 992 1655 1064 τραγικῶν
1696 997 1798 1063 γὰρ
1840 994 1886 1047 ὁ-

116 1106 157 1138 10
183 1079 383 1151 λόγος),
425 1079 553 1132 ἀλλ’
584 1080 611 1132 ὁ
644 1083 882 1149 Μυροῦς
921 1087 1015 1147 τῆς
1054 1082 1341 1148 ποιητρίας
1379 1079 1499 1140 υίὸς
1535 1085 1630 1146 τῆς
1661 1080 1870 1141 Βυζαν-

181 1165 324 1228 τιάς,
377 1161 467 1214 καὶ
517 1163 808 1223 Σωσίθεος
862 1160 952 1213 καὶ
1000 1163 1319 1229 Λυκόφρων
1373 1158 1462 1211 καὶ
1504 1157 1869 1228 Ἀλέξανδρος,

183 1244 543 1312 Αίαντιάδης,
592 1244 929 1311 Σωσιφάνης
979 1243 1069 1295 καὶ
1117 1238 1278 1304 οὗτος
1329 1241 1356 1294 ὁ
1409 1244 1648 1302 Φίλικος.
1725 1237 1871 1301 τινὲς
1902 1247 2023 1303 (182)

183 1323 304 1376 ἀντὶ
358 1332 456 1376 τοῦ
513 1325 854 1377 Αίαντιάδου
910 1324 998 1376 καὶ
1056 1324 1428 1390 Σωσιφάνους
1485 1321 1871 1389 Διονυσιάδην

182 1404 270 1458 καὶ
311 1406 639 1475 Εὐφρόνιον
679 1413 742 1475 τῇ
777 1406 1010 1457 Πλειάδι
1052 1405 1466 1457 συντάττουσιν.
1498 1435 1572 1441 —
1613 1399 1772 1464 οὗτος
1812 1401 1872 1454 δ’

116 1487 212 1545 1ῡὸ
266 1489 492 1548 Φίλικος
547 1487 648 1540 οὐκ
704 1487 903 1555 ἐφεῦρε
957 1495 1172 1553 πρῶτος
1225 1486 1286 1537 τὸ
1340 1492 1598 1538 τοιοῦτον
1652 1483 1870 1552 μέτρον,

183 1567 326 1635 ἀλλ’,
373 1570 444 1630 ὥς
491 1582 664 1636 φησιν
705 1568 732 1621 ὁ
780 1569 1054 1637 μετρικός,
1101 1576 1315 1636 πρῶτος
1364 1566 1488 1634 ὅλα,
1537 1563 1710 1618 οἱονεὶ
1751 1564 1871 1617 ὁλό-

181 1653 378 1718 κληρα,
425 1652 699 1718 ποιήματα
746 1648 804 1702 ἐκ
849 1650 1050 1702 τούτου
1098 1656 1196 1701 τοῦ
1246 1647 1448 1717 μέτρου
1489 1646 1760 1715 ἐποίησεν.
1801 1677 1870 1683 —

183 1731 316 1798 αὕτη
360 1730 420 1783 δ’
458 1731 491 1798 ἡ
539 1738 729 1799 χρῆσις
779 1751 848 1798 ην
893 1729 1201 1799 παραφέρει
1249 1729 1420 1782 αὐτοῦ
1462 1729 1563 1781 οὐκ
1604 1731 1717 1781 ἔστι
1759 1731 1871 1780 στί-

182 1833 293 1881 χος,
335 1811 471 1864 ἀλλὰ
510 1813 787 1880 περίοδος·
827 1811 1149 1880 ὑπερβαίνει
1189 1812 1292 1878 γὰρ
1326 1812 1386 1863 τὸ
1422 1812 1871 1878 δυοκαιτριακον-

118 1918 159 1949 20
183 1908 448 1962 τασημον·
511 1914 543 1962 η
609 1893 669 1946 δὲ
725 1894 1080 1961 Καλλιμάχου
1142 1892 1509 1959 πεντάμετρος
1571 1895 1709 1943 ουσα
1771 1889 1872 1958 οὐχ

183 1975 518 2042 ὑπερβαίνει.
614 1974 795 2027 ἰστέον
865 1973 923 2026 δ’
985 1974 1070 2026 ὅτι
1139 1972 1403 2025 οὐδέποτε
1472 1971 1872 2042 τριακονταδύο

185 2059 419 2125 χρόνους
468 2056 786 2125 ὑπερβαίνει
834 2057 894 2108 τὸ
942 2055 1160 2125 μέτρον,
1212 2053 1326 2106 ἐπεὶ
1367 2056 1443 2116 εἰς
1482 2054 1744 2121 περίοδον
1784 2051 1873 2119 ε’μ-

184 2156 383 2191 πιπτει.

306 2317 330 2355 9
359 2312 532 2356 schol.A
552 2317 715 2367 140‚11
743 2314 756 2368 ΙΙ
783 2317 836 2354 13
864 2311 920 2354 de
945 2310 1215 2368 Euphronio
1242 2310 1297 2353 of.
1323 2325 1367 2366 p.
1389 2314 1552 2363 241,11
1581 2311 1594 2365 ΙΙ
1621 2314 1672 2351 21
1701 2308 1874 2351 schol.A

190 2378 286 2425 120,
309 2378 330 2414 1
351 2387 449 2428 sqq.

307 2524 330 2561 2
366 2518 639 2575 μνησόμεθα
675 2520 718 2564 U
764 2520 777 2575 ΙΙ
831 2525 858 2561 4
892 2516 1102 2574 φιλίσκος
1134 2519 1185 2562 Κ
1215 2530 1394 2573 semper
1447 2518 1460 2573 Η
1514 2520 1538 2558 5
1572 2515 1652 2558 καὶ
1682 2514 1739 2558 τὰ
1773 2514 1875 2570 εξῆς

188 2593 274 2621 om.
304 2580 356 2622 K
382 2581 396 2635 ΙΙ
429 2584 451 2620 7
485 2577 710 2627 πλειάδας
743 2579 797 2621 Κ
822 2580 835 2633 ΙΙ
869 2582 893 2619 8
926 2577 1009 2627 τὰς
1039 2576 1263 2628 πλειάδας
1295 2578 1349 2620 K
1375 2578 1388 2632 ΙΙ
1416 2580 1469 2618 10
1503 2574 1526 2617 ὁ
1559 2574 1732 2630 μυροὺς
1766 2575 1815 2626 U,
1849 2572 1872 2616 ὁ

188 2645 360 2703 μηροῢς
392 2639 446 2680 K
479 2641 493 2694 ΙΙ
535 2642 646 2679 10-
655 2642 705 2679 11
739 2653 821 2692 της
852 2634 1099 2694 βυζαντίας
1129 2636 1230 2686 υἱὸς
1261 2651 1505 2691 ποιητριας
1537 2634 1580 2676 U
1620 2636 1633 2688 ΙΙ
1675 2638 1725 2675 11
1762 2629 1872 2675 σωσί

188 2697 236 2738 111
268 2711 423 2739 versus
456 2697 545 2739 fine
581 2698 624 2741 U
632 2699 675 2770 ΙΙ
725 2701 777 2739 12
822 2710 899 2751 pro
933 2695 1365 2750 Αἰαντιάδης-14
1399 2691 1726 2737 συντάττουσιν
1767 2694 1875 2734 sunt

188 2755 235 2797 in
273 2757 316 2799 U
339 2756 454 2798 haec
486 2757 565 2798 καὶ
598 2752 732 2806 οὗτος
764 2753 786 2798 ὁ
823 2753 1048 2809 φίλικοςφ
1049 2755 1113 2796 ,αὶ
1147 2752 1448 2808 διονυσιάδης
1479 2752 1558 2795 καὶ
1591 2749 1837 2806 εὑφρόνιος
1860 2750 1875 2808 Η

192 2817 244 2855 18
276 2812 516 2869 περιφέρει
541 2816 627 2869 ΚΗ
654 2819 706 2856 19
733 2812 820 2870 γὰρ
847 2815 1048 2869 0111.ΠΗ
1082 2818 1133 2854 21
1170 2810 1239 2870 δ’]
1272 2813 1360 2869 γὰρ
1397 2813 1468 2866 Ul}
1494 2815 1547 2853 22
1580 2810 1632 2853 τὸ
1666 2823 1752 2852 0111.
1781 2811 1835 2852 K
1866 2811 1869 2866 Ι

191 2872 268 2916 K2
299 2873 347 2915 in
380 2888 470 2928 mg.
507 2873 611 2915 add.
646 2871 791 2916 λείπει
822 2873 928 2925 περὶ
962 2873 1266 2930 χοριαμβικοῦ
