2060 3168
173 911 217 942 10

171 1251 214 1283 15

171 1584 214 1615 20

173 1923 215 1955 25

170 2263 214 2295 30

246 165 355 217 394
999 164 1177 207 ΤΡΙΧΑ

244 299 305 348 ὡς
344 298 521 354 ἔφαμεν
563 297 897 355 ἐλαμβάνομεν·
941 297 981 341 εἰ
1018 295 1106 354 γὰρ
1140 296 1189 341 ἐν
1220 302 1275 353 τῇ
1307 297 1466 354 πρώτῃ
1499 296 1626 357 χώρᾳ
1659 297 1683 341 ὁ
1717 297 1933 354 μολοττὸς

245 365 389 408 ἔκειτο
430 365 547 415 ποὺς
587 364 637 408 ἐκ
673 372 814 419 τριῶν
848 361 1143 421 συγκείμενος
1173 370 1385 418 μακρῶν,
1427 362 1530 420 ἑξῆς
1561 365 1612 408 δὲ
1645 365 1724 408 καὶ
1754 364 1813 408 τὰ
1844 364 1930 408 δύο

243 430 398 486 μακρὰ
435 429 578 474 πάλιν
616 437 698 473 τοῦ
746 431 840 474 ἀπὸ
888 427 1094 485 μείζονος
1134 429 1324 473 ἰωνικοῦ
1365 429 1612 486 ἐπήγοντο,
1659 430 1833 487 πολλὴν
1872 429 1931 475 ἂν

242 494 514 553 ἀρρυθμίαν
553 496 582 553 ἡ
620 504 712 541 τῶν
752 495 888 541 πέντε
927 503 1115 552 μακρῶν
1149 495 1354 552 ἐπιφορὰ
1387 494 1599 541 ἐνεποίει.
1634 523 1689 530 -
1711 495 1816 542 ’Ὅτε
1847 498 1931 554 μὲν

244 561 329 607 οὖν
360 562 579 618 καθαρόν
611 563 704 607 ἐστι
735 563 785 607 τὸ
820 562 1010 606 ἰωνικὸν
1035 559 1120 606 ἀπ’
1150 561 1395 614 ἐλάσσονος
1427 561 1607 618 μέτρον,
1639 562 1752 618 ὅπερ
1782 563 1931 622 ἐλέγο-

242 647 339 686 μεν,
369 630 562 680 τούτους
594 628 776 687 δέχεται
806 630 915 680 τοὺς
945 628 1120 680 πόδας·
1157 626 1230 672 ὅτε
1263 629 1314 672 δὲ
1345 627 1585 686 ἐπίμικτόν
1620 629 1713 674 ἐστι
1743 630 1824 674 καὶ
1855 630 1926 674 ἐπὶ

241 695 357 740 τέλει
394 696 646 755 τροχαϊκὴν
687 694 867 754 δέχεται
907 693 1132 740 διποδίαν
1164 693 1191 751 ἢ
1231 695 1547 752 μονοποδίαν,
1587 696 1669 740 τὸν
1709 696 1799 753 πρὸ
1839 704 1932 742 τῶν
1966 698 2060 754 (29Ε

239 761 470 822 τροχαίων
499 762 627 807 πόδα
659 763 714 806 οὗ
748 762 930 821 δέχεται
962 762 1181 817 καθαρὸν
1214 761 1427 816 ἰωνικόν,
1471 762 1585 806 ἀλλὰ
1617 761 1805 808 παίωνα
1834 761 1931 820 τρί-

239 846 335 884 τον,
369 828 419 881 ὅς
451 830 573 874 ἐστιν
607 829 656 873 ἐκ
689 830 775 874 δύο
808 831 1037 888 βραχειῶν
1070 829 1150 872 καὶ
1181 835 1363 884 μακρᾶς
1393 829 1474 872 καὶ
1507 827 1737 887 βραχείας.

359 897 477 951 Περὶ
509 897 591 953 μὲν
625 894 708 940 οὖν
739 903 832 940 τῶν
864 899 1092 950 καθαρῶν
1115 912 1163 940 τε
1196 895 1276 939 καὶ
1301 893 1551 951 ἐπιμίκτων
1578 893 1662 939 ἀπ’
1684 895 1932 949 ἐλάσσονος

241 963 439 1006 ἰωνικῶν
487 962 601 1018 ὁμοῦ
649 963 728 1006 καὶ
776 963 825 1006 ἐν
867 961 1003 1022 ἑτέρῳ
1040 959 1302 1021 ποιηματίῳ
1343 961 1758 1019 προδιειλήφαμεν,
1803 960 1858 1007 οὗ
1901 963 1930 1020 ἡ

239 1029 371 1086 ἀρχή,
404 1029 465 1079 ὡς
496 1030 575 1072 καὶ
608 1029 657 1074 ἐν
687 1037 785 1079 τοῖς
819 1027 1033 1084 ἀνωτέρω
1067 1031 1125 1086 (p.
1154 1032 1252 1082 391,
1273 1031 1345 1086 26)
1379 1028 1583 1085 εἴπομεν,

499 1093 584 1140 Ἐν
617 1094 847 1152 ἀφανέσσι
880 1095 1116 1154 βελέμνοις

506 1161 706 1219 κραδίην
738 1161 881 1219 μέσην
915 1170 1142 1219 γυναῖκες.

235 1234 363 1280 Ἐκεῖ
398 1236 486 1294 γὰρ
520 1237 712 1289 ἐναλλὰξ
746 1237 769 1280 ὁ
803 1238 884 1293 μὲν
917 1233 983 1288 εἷς
1013 1237 1229 1292 καθαρὸς
1261 1236 1468 1291 ἰωνικός,
1514 1236 1537 1280 ὁ
1571 1234 1616 1280 δ’
1647 1235 1799 1292 ἕτερος
1831 1235 1928 1281 ἐπί-

239 1320 410 1359 μικτος,
442 1310 496 1361 τῇ
528 1310 750 1362 τροχαῖκῇ
785 1301 981 1364 διποδία
1012 1301 1375 1359 προεκκείμενον
1402 1303 1520 1362 ἔχων
1546 1301 1735 1348 παίωνα
1758 1302 1926 1360 τρίτον.

239 1371 503 1414 Κάνταῦθα
551 1371 601 1415 δὲ
641 1378 732 1415 τῶν
775 1369 1048 1426 ἐκκειμένων
1090 1369 1135 1423 ἓξ
1176 1367 1343 1427 στίχων
1384 1369 1428 1413 οἱ
1469 1370 1552 1426 μὲν
1590 1377 1713 1426 τρεῖς
1749 1369 1928 1416 ἰωνικοί

239 1437 326 1481 εἰσι
357 1435 580 1493 καθαροί,
614 1436 657 1480 οἱ
691 1437 741 1480 δὲ
773 1437 928 1480 λοιποὶ
958 1444 1080 1491 τρεῖς
1111 1434 1354 1493 ἐπίμικτοι.

357 1504 463 1548 Εἰσὶ
510 1505 561 1548 δὲ
607 1503 655 1548 ἐν
694 1503 840 1563 τούτῳ
878 1507 940 1561 τῷ
980 1502 1126 1563 μέτρῳ
1166 1501 1358 1559 δίμετρά
1395 1520 1444 1548 τε
1483 1503 1563 1547 καὶ
1594 1502 1809 1560 τρίμετρα
1850 1505 1928 1548 καὶ

237 1570 516 1626 τετράμετρα
549 1571 628 1614 καὶ
659 1570 970 1626 πεντάμετρα·
1004 1571 1085 1613 καὶ
1108 1570 1284 1614 τούτων
1307 1570 1365 1613 τὰ
1390 1571 1472 1626 μὲν
1498 1571 1927 1629 βραχυκατάληκτα,

237 1636 295 1680 τὰ
320 1637 370 1681 δὲ
395 1637 708 1694 καταληκτικά
731 1654 780 1681 τε
805 1637 886 1680 καὶ
911 1636 1206 1693 ἀκατάληπτα
1230 1637 1310 1680 καὶ
1334 1637 1733 1694 ὑπερκατάληκτα,
1759 1635 1929 1693 ὁμοίως

238 1707 299 1761 τῷ
331 1704 424 1748 ἀπὸ
459 1703 667 1761 μείζονος
699 1705 882 1762 ἰωνικῷ.

356 1771 447 1813 Καὶ
484 1768 700 1827 δίμετρον
733 1771 815 1826 μὲν
848 1769 1286 1828 βραχυκατάληκτόν
1320 1770 1441 1814 ἐστιν
1475 1767 1577 1815 οἷον
1608 1770 1660 1814 τὸ

507 1836 690 1893 διάγοις
721 1838 914 1895 ἀβλαβῆ.

241 1908 469 1966 Λίμετρον
501 1912 552 1955 δὲ
585 1911 923 1968 καταληκτικὸν
955 1911 1016 1962 ὡς
1047 1911 1098 1954 τὸ

507 1978 690 2036 διάγοις
721 1979 940 2036 ἀβλαβέα.

238 2059 371 2095 τοῦτο
398 2052 448 2097 δὲ
474 2052 849 2108 ἐπισημειοῦνται
875 2052 919 2096 οἱ
946 2052 1139 2096 παλαιοὶ
1164 2053 1225 2103 ὡς
1249 2051 1573 2104 ἐνδοξότατον·
1610 2052 1927 2108 ἑφθημιμερὲς
1958 2053 2060 2110 (296

239 2118 324 2175 γάρ
359 2119 464 2162 ἐστι.
528 2120 607 2162 καὶ
638 2122 790 2178 πολλῷ
827 2117 1091 2175 Τιμοκρέων
1125 2117 1341 2175 κέχρηται
1371 2118 1532 2178 τούτῳ.

355 2183 583 2241 Λίμετρον
617 2185 741 2245 <δὲ>
776 2185 1094 2241 ἀκατάληπτον

505 2251 706 2309 ἀπάγοις
737 2252 787 2296 ἐκ
819 2250 1084 2307 κακότητος.

238 2332 372 2369 τοῦτο
414 2327 464 2369 δὲ
505 2325 842 2383 ἐπισημότατον
882 2324 1080 2383 γίνεται,
1125 2325 1237 2370 ὅταν
1279 2324 1587 2383 συμμίγνυται
1617 2332 1671 2383 τῇ
1702 2332 1924 2383 τροχαϊκῇ

239 2390 445 2453 διποδίᾳ,
478 2393 557 2435 καὶ
588 2392 679 2447 πρὸ
714 2393 869 2448 αὐτῆς,
902 2394 963 2444 ὡς
994 2391 1198 2448 εἴπομεν,
1229 2392 1311 2436 τὸν
1336 2390 1491 2448 τρίτον
1516 2390 1703 2436 παίωνα
1729 2390 1924 2450 δέχεται,

239 2454 315 2500 οἶά
357 2458 443 2501 εἰσι
482 2458 538 2502 τὰ
576 2457 858 2515 προκείμενα
889 2457 994 2514 τρία
1037 2459 1122 2515 ἔπη
1155 2459 1211 2502 τὰ
1244 2458 1356 2514 μετὰ
1387 2459 1495 2509 τοὺς
1526 2466 1648 2513 τρεῖς
1679 2458 1926 2514 καθαροὺς

239 2524 465 2575 ἰωνικούς.
534 2526 597 2568 Τὸ
632 2523 676 2568 δ’
708 2525 820 2569 αὐτὸ
854 2526 934 2569 καὶ
961 2523 1335 2580 Ἀνακρεόντειον
1370 2523 1664 2580 ὀνομάζεται,
1708 2525 1769 2574 ὡς
1800 2524 1923 2582 αὐτῷ

356 2685 382 2722 4
416 2677 507 2737 ὅτε]
542 2677 652 2723 ὅταν
686 2681 731 2723 Ρ
779 2683 793 2737 ΙΙ
850 2685 872 2722 7
907 2679 1217 2739 μονοποδίαν]
1250 2679 1535 2736 μονόμετρον
1566 2681 1712 2737 Jung‚
1750 2679 1831 2724 sed
1864 2679 1920 2723 cf.

236 2752 279 2792 p.
301 2741 466 2790 385,28
491 2742 504 2794 ΙΙ
532 2744 583 2781 13
610 2738 813 2795 ἀφανέσι
838 2741 943 2784 ΡΚ
962 2742 976 2796 Η
1003 2745 1056 2782 14
1081 2740 1315 2797 γυναῖκες]
1349 2739 1570 2796 γυναικός
1593 2741 1649 2791 L,
1683 2741 1924 2794 excerptor

238 2796 342 2838 add.
378 2810 487 2840 vers.
524 2798 726 2853 ἔδραμον
758 2799 1002 2842 δύσοιστον
1035 2795 1168 2854 οἷμον
1188 2800 1221 2901 <2¹
1263 2804 1316 2842 15
1351 2798 1374 2842 ὁ
1408 2798 1594 2848 ἰωνικὸς
1625 2799 1671 2842 Ρ
1708 2800 1723 2854 ΙΙ
1765 2802 1817 2840 16
1851 2799 1920 2840 δι-

235 2853 399 2913 ποδία]
433 2855 694 2910 μονοποδία
727 2859 780 2900 Κ
814 2859 827 2914 ΙΙ
868 2862 921 2900 27
957 2858 1018 2908 ὡς
1050 2858 1183 2910 ἐνδοξ
1214 2874 1353 2902 τατον
1387 2872 1473 2900 om.
1501 2859 1547 2902 P
1573 2860 1586 2913 ΙΙ
1619 2862 1673 2899 29
1707 2854 1922 2912 δίμετρον

237 2913 554 2971 ἀκατάληκτον
588 2917 690 2959 PK
719 2916 767 2958 in
798 2931 889 2973 mg.
916 2918 930 2972 ΙΙ
955 2921 1009 2959 32
1043 2914 1255 2976 διποδίᾳ]
1290 2914 1553 2972 μονοποδία
1585 2917 1639 2960 K
