<?xml version="1.0" encoding="UTF-8"?>
<!DOCTYPE html PUBLIC "-//W3C//DTD XHTML 1.0 Transitional//EN"
    "http://www.w3.org/TR/xhtml1/DTD/xhtml1-transitional.dtd">
<html xmlns="http://www.w3.org/1999/xhtml" xml:lang="en" lang="en">
 <head>
  <title>
</title>
<meta http-equiv="Content-Type" content="text/html;charset=utf-8" />
  <meta name='ocr-system' content='tesseract 3.04.00' />
  <meta name='ocr-capabilities' content='ocr_page ocr_carea ocr_par ocr_line ocrx_word'/>
</head>
<body>
  <div class='ocr_page' id='page_1' title='image "./hephaestionisenc00hephuoft_0017.png"; bbox 0 0 2090 3158; ppageno 0'>
   <div class='ocr_carea' id='block_1_1' title="bbox 837 174 1851 217">
    <p class='ocr_par' dir='ltr' id='par_1_1' title="bbox 837 174 1851 217">
     <span class='ocr_line' id='line_1_1' title="bbox 837 174 1851 217; baseline 0 -1"><span class='ocrx_word' id='word_1_1' title='bbox 837 175 1171 216; x_wconf 85' lang='lat' dir='ltr'><strong>PRAEFATIO</strong></span> <span class='ocrx_word' id='word_1_2' title='bbox 1767 174 1851 217; x_wconf 92' lang='lat' dir='ltr'><strong>XV</strong></span> 
     </span>
    </p>
   </div>
   <div class='ocr_carea' id='block_1_2' title="bbox 162 312 1861 2744">
    <p class='ocr_par' dir='ltr' id='par_1_2' title="bbox 164 312 1855 510">
     <span class='ocr_line' id='line_1_2' title="bbox 164 312 1855 375; baseline 0.001 -14"><span class='ocrx_word' id='word_1_3' title='bbox 164 313 255 362; x_wconf 92' lang='lat' dir='ltr'><strong>bus</strong></span> <span class='ocrx_word' id='word_1_4' title='bbox 306 312 552 361; x_wconf 85' lang='lat' dir='ltr'><strong>derivatos</strong></span> <span class='ocrx_word' id='word_1_5' title='bbox 604 314 814 375; x_wconf 85' lang='lat' dir='ltr'><strong>quilibet</strong></span> <span class='ocrx_word' id='word_1_6' title='bbox 863 313 1207 374; x_wconf 74' lang='lat' dir='ltr'><strong>suspicabitur.</strong></span> <span class='ocrx_word' id='word_1_7' title='bbox 1253 341 1322 346; x_wconf 97' lang='lat'><strong>—</strong></span> <span class='ocrx_word' id='word_1_8' title='bbox 1373 313 1727 362; x_wconf 85' lang='lat' dir='ltr'><strong>Commentarii</strong></span> <span class='ocrx_word' id='word_1_9' title='bbox 1775 315 1855 362; x_wconf 90' lang='lat' dir='ltr'><strong>illi</strong></span> 
     </span>
     <span class='ocr_line' id='line_1_3' title="bbox 167 387 1854 450; baseline 0.001 -16"><span class='ocrx_word' id='word_1_10' title='bbox 167 390 402 450; x_wconf 91' lang='lat' dir='ltr'><strong>quattuor</strong></span> <span class='ocrx_word' id='word_1_11' title='bbox 448 390 581 435; x_wconf 87' lang='lat' dir='ltr'><strong>certa</strong></span> <span class='ocrx_word' id='word_1_12' title='bbox 626 388 819 435; x_wconf 88' lang='lat' dir='ltr'><strong>ratione</strong></span> <span class='ocrx_word' id='word_1_13' title='bbox 867 388 1061 435; x_wconf 80' lang='lat' dir='ltr'>collecti</span> <span class='ocrx_word' id='word_1_14' title='bbox 1109 390 1157 435; x_wconf 86' lang='lat' dir='ltr'><strong>et</strong></span> <span class='ocrx_word' id='word_1_15' title='bbox 1203 387 1461 436; x_wconf 85' lang='lat' dir='ltr'><strong>constituti</strong></span> <span class='ocrx_word' id='word_1_16' title='bbox 1500 388 1752 449; x_wconf 86' lang='lat' dir='ltr'><strong>videntur,</strong></span> <span class='ocrx_word' id='word_1_17' title='bbox 1798 392 1854 436; x_wconf 89' lang='lat' dir='ltr'><strong>ut</strong></span> 
     </span>
     <span class='ocr_line' id='line_1_4' title="bbox 165 461 1231 510; baseline -0.002 0"><span class='ocrx_word' id='word_1_18' title='bbox 165 461 508 510; x_wconf 72' lang='lat' dir='ltr'><strong>antecederent</strong></span> <span class='ocrx_word' id='word_1_19' title='bbox 546 464 815 509; x_wconf 81' lang='lat' dir='ltr'><strong>metrorum</strong></span> <span class='ocrx_word' id='word_1_20' title='bbox 855 462 1231 510; x_wconf 77' lang='lat' dir='ltr'><strong>enarrationem.</strong></span> 
     </span>
    </p>

    <p class='ocr_par' dir='ltr' id='par_1_3' title="bbox 162 532 1861 1412">
     <span class='ocr_line' id='line_1_5' title="bbox 275 532 1853 599; baseline 0.001 -17"><span class='ocrx_word' id='word_1_21' title='bbox 275 534 352 582; x_wconf 90' lang='grc' dir='ltr'><strong>ΙΠ</strong></span> <span class='ocrx_word' id='word_1_22' title='bbox 405 534 480 582; x_wconf 85' lang='lat' dir='ltr'><strong>Ex</strong></span> <span class='ocrx_word' id='word_1_23' title='bbox 519 534 637 583; x_wconf 81' lang='lat' dir='ltr'><strong>libri</strong></span> <span class='ocrx_word' id='word_1_24' title='bbox 674 536 813 584; x_wconf 90' lang='lat' dir='ltr'><strong>tertii</strong></span> <span class='ocrx_word' id='word_1_25' title='bbox 857 535 1179 596; x_wconf 83' lang='lat' dir='ltr'><strong>inscriptione</strong></span> <span class='ocrx_word' id='word_1_26' title='bbox 1210 534 1415 599; x_wconf 80' lang='grc' dir='ltr'><strong><em>ἐπιτομὴ</em></strong></span> <span class='ocrx_word' id='word_1_27' title='bbox 1439 542 1552 593; x_wconf 56' lang='grc' dir='ltr'><strong>,τῶν</strong></span> <span class='ocrx_word' id='word_1_28' title='bbox 1591 532 1732 584; x_wconf 82' lang='grc' dir='ltr'><strong><em>ἐννέα</em></strong></span> <span class='ocrx_word' id='word_1_29' title='bbox 1771 532 1853 598; x_wconf 84' lang='grc' dir='ltr'><strong>μέ-</strong></span> 
     </span>
     <span class='ocr_line' id='line_1_6' title="bbox 166 607 1854 675; baseline 0.001 -18"><span class='ocrx_word' id='word_1_30' title='bbox 166 627 294 675; x_wconf 84' lang='grc' dir='ltr'><em>τρων</em></span> <span class='ocrx_word' id='word_1_31' title='bbox 325 609 638 672; x_wconf 86' lang='lat' dir='ltr'><strong>cognoscitur</strong></span> <span class='ocrx_word' id='word_1_32' title='bbox 669 625 780 657; x_wconf 91' lang='lat' dir='ltr'><strong>eum</strong></span> <span class='ocrx_word' id='word_1_33' title='bbox 812 611 899 671; x_wconf 90' lang='lat' dir='ltr'><strong>qui</strong></span> <span class='ocrx_word' id='word_1_34' title='bbox 929 609 1059 657; x_wconf 93' lang='lat' dir='ltr'><strong>hunc</strong></span> <span class='ocrx_word' id='word_1_35' title='bbox 1092 609 1313 657; x_wconf 86' lang='lat' dir='ltr'><strong>condidit</strong></span> <span class='ocrx_word' id='word_1_36' title='bbox 1342 610 1395 657; x_wconf 92' lang='lat' dir='ltr'><strong>in</strong></span> <span class='ocrx_word' id='word_1_37' title='bbox 1419 607 1592 657; x_wconf 73' lang='lat' dir='ltr'><strong>&#39;animo</strong></span> <span class='ocrx_word' id='word_1_38' title='bbox 1623 609 1854 658; x_wconf 81' lang='lat' dir='ltr'><strong>habuisse</strong></span> 
     </span>
     <span class='ocr_line' id='line_1_7' title="bbox 165 683 1854 748; baseline -0.001 -17"><span class='ocrx_word' id='word_1_39' title='bbox 165 683 224 731; x_wconf 93' lang='lat' dir='ltr'><strong>de</strong></span> <span class='ocrx_word' id='word_1_40' title='bbox 256 698 432 731; x_wconf 86' lang='lat' dir='ltr'><strong>novem</strong></span> <span class='ocrx_word' id='word_1_41' title='bbox 464 683 566 731; x_wconf 90' lang='lat' dir='ltr'><strong>illis</strong></span> <span class='ocrx_word' id='word_1_42' title='bbox 596 685 769 731; x_wconf 90' lang='lat' dir='ltr'><strong>metris</strong></span> <span class='ocrx_word' id='word_1_43' title='bbox 799 684 1082 746; x_wconf 85' lang='lat' dir='ltr'><strong>prototypis</strong></span> <span class='ocrx_word' id='word_1_44' title='bbox 1109 699 1235 745; x_wconf 88' lang='lat' dir='ltr'><strong>quae</strong></span> <span class='ocrx_word' id='word_1_45' title='bbox 1258 686 1439 732; x_wconf 88' lang='lat' dir='ltr'><strong>vocant</strong></span> <span class='ocrx_word' id='word_1_46' title='bbox 1470 699 1628 748; x_wconf 86' lang='lat' dir='ltr'><strong>agere.</strong></span> <span class='ocrx_word' id='word_1_47' title='bbox 1672 683 1854 731; x_wconf 92' lang='lat' dir='ltr'><strong>Verum</strong></span> 
     </span>
     <span class='ocr_line' id='line_1_8' title="bbox 165 756 1854 819; baseline -0.001 -13"><span class='ocrx_word' id='word_1_48' title='bbox 165 760 358 806; x_wconf 86' lang='lat' dir='ltr'><strong>exstant</strong></span> <span class='ocrx_word' id='word_1_49' title='bbox 404 756 465 804; x_wconf 92' lang='lat' dir='ltr'><strong>ab</strong></span> <span class='ocrx_word' id='word_1_50' title='bbox 514 772 570 805; x_wconf 90' lang='lat' dir='ltr'><strong>eo</strong></span> <span class='ocrx_word' id='word_1_51' title='bbox 618 758 866 819; x_wconf 85' lang='lat' dir='ltr'><strong>explicata</strong></span> <span class='ocrx_word' id='word_1_52' title='bbox 910 773 1010 804; x_wconf 91' lang='lat' dir='ltr'><strong>non</strong></span> <span class='ocrx_word' id='word_1_53' title='bbox 1056 758 1153 805; x_wconf 86' lang='lat' dir='ltr'><strong>nisi</strong></span> <span class='ocrx_word' id='word_1_54' title='bbox 1190 757 1481 818; x_wconf 92' lang='lat' dir='ltr'><strong>iambicum,</strong></span> <span class='ocrx_word' id='word_1_55' title='bbox 1534 757 1854 818; x_wconf 89' lang='lat' dir='ltr'><strong>trochaicum,</strong></span> 
     </span>
     <span class='ocr_line' id='line_1_9' title="bbox 165 828 1854 894; baseline 0.001 -16"><span class='ocrx_word' id='word_1_56' title='bbox 165 831 451 894; x_wconf 83' lang='lat' dir='ltr'><strong>dactylique</strong></span> <span class='ocrx_word' id='word_1_57' title='bbox 496 831 693 879; x_wconf 91' lang='lat' dir='ltr'><strong>initium</strong></span> <span class='ocrx_word' id='word_1_58' title='bbox 734 847 889 894; x_wconf 89' lang='lat' dir='ltr'><strong>usque</strong></span> <span class='ocrx_word' id='word_1_59' title='bbox 937 830 998 880; x_wconf 88' lang='lat' dir='ltr'><strong>ad</strong></span> <span class='ocrx_word' id='word_1_60' title='bbox 1038 831 1190 879; x_wconf 83' lang='lat' dir='ltr'><strong>verba</strong></span> <span class='ocrx_word' id='word_1_61' title='bbox 1237 828 1501 890; x_wconf 82' lang='grc' dir='ltr'><strong><em>ἀποθέσεις</em></strong></span> <span class='ocrx_word' id='word_1_62' title='bbox 1540 828 1592 879; x_wconf 82' lang='grc' dir='ltr'><strong>δὲ</strong></span> <span class='ocrx_word' id='word_1_63' title='bbox 1631 838 1729 879; x_wconf 86' lang='grc' dir='ltr'><strong>τῶν</strong></span> <span class='ocrx_word' id='word_1_64' title='bbox 1768 831 1854 879; x_wconf 81' lang='grc' dir='ltr'><strong>δα-</strong></span> 
     </span>
     <span class='ocr_line' id='line_1_10' title="bbox 163 905 1854 966; baseline 0 -13"><span class='ocrx_word' id='word_1_65' title='bbox 163 908 402 954; x_wconf 82' lang='grc' dir='ltr'><strong><em>κτυλικῶν</em></strong></span> <span class='ocrx_word' id='word_1_66' title='bbox 440 922 488 966; x_wconf 90' lang='lat' dir='ltr'><strong>p.</strong></span> <span class='ocrx_word' id='word_1_67' title='bbox 523 907 644 966; x_wconf 84' lang='lat'><strong>272,</strong></span> <span class='ocrx_word' id='word_1_68' title='bbox 674 907 755 953; x_wconf 88' lang='lat'><strong>14.</strong></span> <span class='ocrx_word' id='word_1_69' title='bbox 832 905 969 954; x_wconf 90' lang='lat' dir='ltr'><strong>Haec</strong></span> <span class='ocrx_word' id='word_1_70' title='bbox 1006 906 1159 954; x_wconf 87' lang='lat' dir='ltr'><strong>verba</strong></span> <span class='ocrx_word' id='word_1_71' title='bbox 1196 906 1375 954; x_wconf 85' lang='lat' dir='ltr'><strong>ultima</strong></span> <span class='ocrx_word' id='word_1_72' title='bbox 1419 909 1534 954; x_wconf 86' lang='lat' dir='ltr'><strong>sunt</strong></span> <span class='ocrx_word' id='word_1_73' title='bbox 1572 922 1670 954; x_wconf 91' lang='lat' dir='ltr'><strong>non</strong></span> <span class='ocrx_word' id='word_1_74' title='bbox 1708 905 1854 954; x_wconf 94' lang='lat' dir='ltr'><strong>modo</strong></span> 
     </span>
     <span class='ocr_line' id='line_1_11' title="bbox 163 977 1854 1040; baseline 0 -14"><span class='ocrx_word' id='word_1_75' title='bbox 163 981 216 1026; x_wconf 93' lang='lat' dir='ltr'><strong>in</strong></span> <span class='ocrx_word' id='word_1_76' title='bbox 262 979 427 1028; x_wconf 86' lang='lat' dir='ltr'><strong>codice</strong></span> <span class='ocrx_word' id='word_1_77' title='bbox 466 977 538 1040; x_wconf 87' lang='lat' dir='ltr'><strong>A,</strong></span> <span class='ocrx_word' id='word_1_78' title='bbox 586 979 670 1028; x_wconf 92' lang='lat' dir='ltr'><strong>sed</strong></span> <span class='ocrx_word' id='word_1_79' title='bbox 717 981 868 1027; x_wconf 90' lang='lat' dir='ltr'><strong>etiam</strong></span> <span class='ocrx_word' id='word_1_80' title='bbox 913 981 966 1027; x_wconf 90' lang='lat' dir='ltr'><strong>in</strong></span> <span class='ocrx_word' id='word_1_81' title='bbox 1014 979 1239 1028; x_wconf 88' lang='lat' dir='ltr'><strong>omnibus</strong></span> <span class='ocrx_word' id='word_1_82' title='bbox 1288 980 1458 1028; x_wconf 90' lang='lat' dir='ltr'><strong>classis</strong></span> <span class='ocrx_word' id='word_1_83' title='bbox 1500 980 1553 1027; x_wconf 90' lang='lat' dir='ltr'><strong><em>X</em></strong></span> <span class='ocrx_word' id='word_1_84' title='bbox 1590 979 1854 1028; x_wconf 88' lang='lat' dir='ltr'><strong>codicibus.</strong></span> 
     </span>
     <span class='ocr_line' id='line_1_12' title="bbox 163 1053 1855 1115; baseline -0.001 -14"><span class='ocrx_word' id='word_1_85' title='bbox 163 1053 287 1101; x_wconf 83' lang='lat' dir='ltr'><strong>Rem</strong></span> <span class='ocrx_word' id='word_1_86' title='bbox 332 1053 601 1115; x_wconf 81' lang='lat' dir='ltr'><strong>inceptam,</strong></span> <span class='ocrx_word' id='word_1_87' title='bbox 655 1054 801 1102; x_wconf 95' lang='lat' dir='ltr'><strong>modo</strong></span> <span class='ocrx_word' id='word_1_88' title='bbox 846 1055 1040 1102; x_wconf 91' lang='lat' dir='ltr'><strong>ratione</strong></span> <span class='ocrx_word' id='word_1_89' title='bbox 1088 1053 1395 1102; x_wconf 89' lang='lat' dir='ltr'><strong>describendi</strong></span> <span class='ocrx_word' id='word_1_90' title='bbox 1440 1054 1702 1115; x_wconf 89' lang='lat' dir='ltr'><strong>paululum</strong></span> <span class='ocrx_word' id='word_1_91' title='bbox 1747 1070 1855 1101; x_wconf 91' lang='lat' dir='ltr'><strong>mu-</strong></span> 
     </span>
     <span class='ocr_line' id='line_1_13' title="bbox 162 1121 1861 1195; baseline -0.001 -20"><span class='ocrx_word' id='word_1_92' title='bbox 162 1130 294 1188; x_wconf 86' lang='lat' dir='ltr'><strong>tata,</strong></span> <span class='ocrx_word' id='word_1_93' title='bbox 341 1128 662 1176; x_wconf 84' lang='lat' dir='ltr'><strong>continuabat</strong></span> <span class='ocrx_word' id='word_1_94' title='bbox 708 1121 904 1195; x_wconf 77' lang='lat' dir='ltr'><strong>alter1)‚</strong></span> <span class='ocrx_word' id='word_1_95' title='bbox 944 1144 1001 1176; x_wconf 84' lang='lat' dir='ltr'><strong>ex</strong></span> <span class='ocrx_word' id='word_1_96' title='bbox 1050 1144 1146 1189; x_wconf 93' lang='lat' dir='ltr'><strong>quo</strong></span> <span class='ocrx_word' id='word_1_97' title='bbox 1192 1128 1487 1190; x_wconf 84' lang='lat' dir='ltr'><strong>archetypus</strong></span> <span class='ocrx_word' id='word_1_98' title='bbox 1534 1127 1772 1176; x_wconf 89' lang='lat' dir='ltr'><strong>librorum</strong></span> <span class='ocrx_word' id='word_1_99' title='bbox 1814 1128 1861 1174; x_wconf 88' lang='lat' dir='ltr'><strong><em>Y</em></strong></span> 
     </span>
     <span class='ocr_line' id='line_1_14' title="bbox 164 1201 1855 1264; baseline -0.001 -14"><span class='ocrx_word' id='word_1_100' title='bbox 164 1205 214 1250; x_wconf 85' lang='lat' dir='ltr'><strong>et</strong></span> <span class='ocrx_word' id='word_1_101' title='bbox 266 1202 313 1248; x_wconf 97' lang='lat' dir='ltr'><em>Z</em></span> <span class='ocrx_word' id='word_1_102' title='bbox 362 1201 519 1249; x_wconf 85' lang='lat' dir='ltr'><strong>fluxit.</strong></span> <span class='ocrx_word' id='word_1_103' title='bbox 614 1201 711 1250; x_wconf 85' lang='lat' dir='ltr'><strong>Sed</strong></span> <span class='ocrx_word' id='word_1_104' title='bbox 764 1203 1010 1264; x_wconf 85' lang='lat' dir='ltr'><strong>dactylico</strong></span> <span class='ocrx_word' id='word_1_105' title='bbox 1071 1205 1229 1250; x_wconf 88' lang='lat' dir='ltr'><strong>metro</strong></span> <span class='ocrx_word' id='word_1_106' title='bbox 1285 1203 1508 1250; x_wconf 85' lang='lat' dir='ltr'><strong>confecto</strong></span> <span class='ocrx_word' id='word_1_107' title='bbox 1568 1202 1855 1263; x_wconf 88' lang='lat' dir='ltr'><strong>adiectoque</strong></span> 
     </span>
     <span class='ocr_line' id='line_1_15' title="bbox 165 1275 1856 1338; baseline 0 -14"><span class='ocrx_word' id='word_1_108' title='bbox 165 1277 480 1337; x_wconf 83' lang='lat' dir='ltr'><strong>anapaestico</strong></span> <span class='ocrx_word' id='word_1_109' title='bbox 518 1275 702 1324; x_wconf 89' lang='lat' dir='ltr'><strong>laboris</strong></span> <span class='ocrx_word' id='word_1_110' title='bbox 742 1276 960 1338; x_wconf 89' lang='lat' dir='ltr'><strong>suscepti</strong></span> <span class='ocrx_word' id='word_1_111' title='bbox 1000 1292 1111 1324; x_wconf 93' lang='lat' dir='ltr'><strong>eum</strong></span> <span class='ocrx_word' id='word_1_112' title='bbox 1149 1279 1431 1337; x_wconf 89' lang='lat' dir='ltr'><strong>pertaesum</strong></span> <span class='ocrx_word' id='word_1_113' title='bbox 1471 1279 1556 1325; x_wconf 92' lang='lat' dir='ltr'><strong>est.</strong></span> <span class='ocrx_word' id='word_1_114' title='bbox 1626 1276 1701 1323; x_wconf 87' lang='lat' dir='ltr'><strong>Ne</strong></span> <span class='ocrx_word' id='word_1_115' title='bbox 1740 1277 1856 1324; x_wconf 89' lang='lat' dir='ltr'><strong>huic</strong></span> 
     </span>
     <span class='ocr_line' id='line_1_16' title="bbox 165 1350 1263 1412; baseline 0.001 -15"><span class='ocrx_word' id='word_1_116' title='bbox 165 1350 364 1412; x_wconf 88' lang='lat' dir='ltr'><strong>quidem</strong></span> <span class='ocrx_word' id='word_1_117' title='bbox 402 1350 529 1398; x_wconf 90' lang='lat' dir='ltr'><strong>libro</strong></span> <span class='ocrx_word' id='word_1_118' title='bbox 569 1350 680 1398; x_wconf 90' lang='lat' dir='ltr'><strong>finis</strong></span> <span class='ocrx_word' id='word_1_119' title='bbox 720 1365 836 1399; x_wconf 91' lang='lat' dir='ltr'><strong>casu</strong></span> <span class='ocrx_word' id='word_1_120' title='bbox 873 1352 1136 1411; x_wconf 88' lang='lat' dir='ltr'><strong>impositus</strong></span> <span class='ocrx_word' id='word_1_121' title='bbox 1177 1354 1263 1398; x_wconf 90' lang='lat' dir='ltr'><strong>est.</strong></span> 
     </span>
    </p>

    <p class='ocr_par' dir='ltr' id='par_1_4' title="bbox 163 1424 1857 1930">
     <span class='ocr_line' id='line_1_17' title="bbox 275 1424 1854 1485; baseline 0 -14"><span class='ocrx_word' id='word_1_122' title='bbox 275 1424 349 1471; x_wconf 94' lang='lat' dir='ltr'><strong>IV</strong></span> <span class='ocrx_word' id='word_1_123' title='bbox 402 1425 592 1472; x_wconf 89' lang='lat' dir='ltr'><strong>Paucas</strong></span> <span class='ocrx_word' id='word_1_124' title='bbox 631 1425 745 1473; x_wconf 91' lang='lat' dir='ltr'><strong>illas</strong></span> <span class='ocrx_word' id='word_1_125' title='bbox 786 1425 1131 1473; x_wconf 88' lang='lat' dir='ltr'><strong>adnotationes</strong></span> <span class='ocrx_word' id='word_1_126' title='bbox 1169 1424 1407 1485; x_wconf 89' lang='lat' dir='ltr'><strong>reliquias</strong></span> <span class='ocrx_word' id='word_1_127' title='bbox 1440 1438 1543 1472; x_wconf 88' lang='lat' dir='ltr'><strong>esse</strong></span> <span class='ocrx_word' id='word_1_128' title='bbox 1581 1424 1854 1472; x_wconf 85' lang='lat' dir='ltr'><strong>miserrime</strong></span> 
     </span>
     <span class='ocr_line' id='line_1_18' title="bbox 163 1497 1857 1559; baseline 0 -13"><span class='ocrx_word' id='word_1_129' title='bbox 163 1501 419 1546; x_wconf 88' lang='lat' dir='ltr'><strong>truncatas</strong></span> <span class='ocrx_word' id='word_1_130' title='bbox 467 1498 809 1546; x_wconf 87' lang='lat' dir='ltr'><strong>commentarii</strong></span> <span class='ocrx_word' id='word_1_131' title='bbox 855 1498 918 1545; x_wconf 92' lang='lat' dir='ltr'><strong>ab</strong></span> <span class='ocrx_word' id='word_1_132' title='bbox 967 1497 1065 1546; x_wconf 94' lang='lat' dir='ltr'><strong>Oro</strong></span> <span class='ocrx_word' id='word_1_133' title='bbox 1115 1500 1168 1545; x_wconf 91' lang='lat' dir='ltr'><strong>in</strong></span> <span class='ocrx_word' id='word_1_134' title='bbox 1216 1498 1541 1546; x_wconf 88' lang='lat' dir='ltr'><strong>enchiridium</strong></span> <span class='ocrx_word' id='word_1_135' title='bbox 1596 1499 1857 1559; x_wconf 87' lang='lat' dir='ltr'><strong>compositi</strong></span> 
     </span>
     <span class='ocr_line' id='line_1_19' title="bbox 164 1571 1856 1633; baseline 0.001 -14"><span class='ocrx_word' id='word_1_136' title='bbox 164 1572 352 1633; x_wconf 87' lang='lat' dir='ltr'><strong>illoque</strong></span> <span class='ocrx_word' id='word_1_137' title='bbox 377 1573 730 1620; x_wconf 91' lang='lat' dir='ltr'><strong>commentario</strong></span> <span class='ocrx_word' id='word_1_138' title='bbox 757 1588 846 1633; x_wconf 91' lang='lat' dir='ltr'><strong>pro</strong></span> <span class='ocrx_word' id='word_1_139' title='bbox 871 1573 1007 1620; x_wconf 87' lang='lat' dir='ltr'><strong>fonte</strong></span> <span class='ocrx_word' id='word_1_140' title='bbox 1031 1588 1175 1620; x_wconf 89' lang='lat' dir='ltr'><strong>usum</strong></span> <span class='ocrx_word' id='word_1_141' title='bbox 1201 1588 1302 1620; x_wconf 88' lang='lat' dir='ltr'><strong>esse</strong></span> <span class='ocrx_word' id='word_1_142' title='bbox 1330 1571 1719 1620; x_wconf 85' lang='lat' dir='ltr'><strong>Choeroboscum</strong></span> <span class='ocrx_word' id='word_1_143' title='bbox 1743 1588 1856 1620; x_wconf 94' lang='lat' dir='ltr'><strong>con-</strong></span> 
     </span>
     <span class='ocr_line' id='line_1_20' title="bbox 165 1639 1857 1712; baseline 0.001 -19"><span class='ocrx_word' id='word_1_144' title='bbox 165 1646 282 1694; x_wconf 89' lang='lat' dir='ltr'><strong>iecit</strong></span> <span class='ocrx_word' id='word_1_145' title='bbox 327 1645 806 1694; x_wconf 89' lang='lat' dir='ltr'><strong>Hoerschelmannus</strong></span> <span class='ocrx_word' id='word_1_146' title='bbox 860 1639 1030 1712; x_wconf 87' lang='lat' dir='ltr'><strong>(MRh</strong></span> <span class='ocrx_word' id='word_1_147' title='bbox 1071 1647 1162 1707; x_wconf 83' lang='lat'><strong>36,</strong></span> <span class='ocrx_word' id='word_1_148' title='bbox 1197 1647 1300 1694; x_wconf 83' lang='lat'><strong>269</strong></span> <span class='ocrx_word' id='word_1_149' title='bbox 1316 1661 1386 1707; x_wconf 90' lang='lat' dir='ltr'><strong>sq.</strong></span> <span class='ocrx_word' id='word_1_150' title='bbox 1442 1647 1548 1694; x_wconf 84' lang='lat'><strong>290</strong></span> <span class='ocrx_word' id='word_1_151' title='bbox 1570 1639 1724 1712; x_wconf 85' lang='lat' dir='ltr'><strong>sqq.),</strong></span> <span class='ocrx_word' id='word_1_152' title='bbox 1771 1646 1857 1694; x_wconf 92' lang='lat' dir='ltr'><strong>sed</strong></span> 
     </span>
     <span class='ocr_line' id='line_1_21' title="bbox 165 1719 1856 1785; baseline 0 -17"><span class='ocrx_word' id='word_1_153' title='bbox 165 1721 326 1783; x_wconf 88' lang='lat' dir='ltr'><strong>magis</strong></span> <span class='ocrx_word' id='word_1_154' title='bbox 373 1723 446 1768; x_wconf 87' lang='lat' dir='ltr'><strong>est</strong></span> <span class='ocrx_word' id='word_1_155' title='bbox 494 1720 749 1781; x_wconf 86' lang='lat' dir='ltr'><strong>probabile</strong></span> <span class='ocrx_word' id='word_1_156' title='bbox 800 1735 857 1767; x_wconf 90' lang='lat' dir='ltr'><strong>ea</strong></span> <span class='ocrx_word' id='word_1_157' title='bbox 905 1736 963 1767; x_wconf 85' lang='lat' dir='ltr'><strong>ex</strong></span> <span class='ocrx_word' id='word_1_158' title='bbox 1011 1720 1317 1785; x_wconf 88' lang='lat' dir='ltr'><strong>marginibus</strong></span> <span class='ocrx_word' id='word_1_159' title='bbox 1369 1719 1629 1767; x_wconf 88' lang='lat' dir='ltr'><strong>enchiridii</strong></span> <span class='ocrx_word' id='word_1_160' title='bbox 1675 1720 1856 1768; x_wconf 88' lang='lat' dir='ltr'><strong>codicis</strong></span> 
     </span>
     <span class='ocr_line' id='line_1_22' title="bbox 165 1787 1856 1860; baseline 0.001 -19"><span class='ocrx_word' id='word_1_161' title='bbox 165 1793 328 1841; x_wconf 89' lang='lat' dir='ltr'><strong>nescio</strong></span> <span class='ocrx_word' id='word_1_162' title='bbox 369 1796 506 1842; x_wconf 88' lang='lat' dir='ltr'><strong>cuius</strong></span> <span class='ocrx_word' id='word_1_163' title='bbox 543 1809 645 1842; x_wconf 90' lang='lat' dir='ltr'><strong>esse</strong></span> <span class='ocrx_word' id='word_1_164' title='bbox 686 1795 964 1856; x_wconf 88' lang='lat' dir='ltr'><strong>conquisita</strong></span> <span class='ocrx_word' id='word_1_165' title='bbox 1005 1788 1089 1860; x_wconf 82' lang='lat' dir='ltr'><strong>(cf.</strong></span> <span class='ocrx_word' id='word_1_166' title='bbox 1122 1811 1193 1855; x_wconf 89' lang='lat' dir='ltr'><strong>pr.</strong></span> <span class='ocrx_word' id='word_1_167' title='bbox 1227 1811 1272 1855; x_wconf 92' lang='lat' dir='ltr'><strong>p.</strong></span> <span class='ocrx_word' id='word_1_168' title='bbox 1301 1787 1409 1860; x_wconf 86' lang='lat'><strong>39).</strong></span> <span class='ocrx_word' id='word_1_169' title='bbox 1487 1794 1667 1842; x_wconf 90' lang='lat' dir='ltr'><strong>Procul</strong></span> <span class='ocrx_word' id='word_1_170' title='bbox 1706 1795 1856 1842; x_wconf 90' lang='lat' dir='ltr'><strong>dubio</strong></span> 
     </span>
     <span class='ocr_line' id='line_1_23' title="bbox 165 1868 1732 1930; baseline 0 -14"><span class='ocrx_word' id='word_1_171' title='bbox 165 1869 218 1916; x_wconf 89' lang='lat' dir='ltr'><strong>in</strong></span> <span class='ocrx_word' id='word_1_172' title='bbox 259 1869 524 1930; x_wconf 86' lang='lat' dir='ltr'><strong>archetypo</strong></span> <span class='ocrx_word' id='word_1_173' title='bbox 564 1868 786 1916; x_wconf 88' lang='lat' dir='ltr'><strong>codicum</strong></span> <span class='ocrx_word' id='word_1_174' title='bbox 824 1872 1106 1917; x_wconf 88' lang='lat' dir='ltr'><strong>nostrorum</strong></span> <span class='ocrx_word' id='word_1_175' title='bbox 1144 1869 1302 1916; x_wconf 90' lang='lat' dir='ltr'><strong>multo</strong></span> <span class='ocrx_word' id='word_1_176' title='bbox 1342 1869 1487 1930; x_wconf 90' lang='lat' dir='ltr'><strong>plura</strong></span> <span class='ocrx_word' id='word_1_177' title='bbox 1523 1870 1732 1916; x_wconf 88' lang='lat' dir='ltr'><strong>inerant.</strong></span> 
     </span>
    </p>

    <p class='ocr_par' dir='ltr' id='par_1_5' title="bbox 169 1941 1855 2152">
     <span class='ocr_line' id='line_1_24' title="bbox 278 1941 1855 2005; baseline 0.001 -17"><span class='ocrx_word' id='word_1_178' title='bbox 278 1941 324 1988; x_wconf 93' lang='lat' dir='ltr'><strong>V</strong></span> <span class='ocrx_word' id='word_1_179' title='bbox 363 1941 512 1990; x_wconf 89' lang='lat' dir='ltr'><strong>Liber</strong></span> <span class='ocrx_word' id='word_1_180' title='bbox 545 1942 745 2004; x_wconf 86' lang='lat' dir='ltr'><strong>quintus</strong></span> <span class='ocrx_word' id='word_1_181' title='bbox 776 1944 1065 1991; x_wconf 87' lang='lat' dir='ltr'><strong>tritissimus</strong></span> <span class='ocrx_word' id='word_1_182' title='bbox 1098 1946 1172 1990; x_wconf 88' lang='lat' dir='ltr'><strong>est</strong></span> <span class='ocrx_word' id='word_1_183' title='bbox 1203 1942 1329 1990; x_wconf 89' lang='lat' dir='ltr'><strong>liber</strong></span> <span class='ocrx_word' id='word_1_184' title='bbox 1359 1943 1682 2005; x_wconf 85' lang='lat' dir='ltr'><strong>Byzantinus,</strong></span> <span class='ocrx_word' id='word_1_185' title='bbox 1715 1943 1855 1990; x_wconf 90' lang='lat' dir='ltr'><strong>cuius</strong></span> 
     </span>
     <span class='ocr_line' id='line_1_25' title="bbox 169 2015 1855 2078; baseline 0 -15"><span class='ocrx_word' id='word_1_186' title='bbox 169 2015 296 2064; x_wconf 88' lang='lat' dir='ltr'><strong>duae</strong></span> <span class='ocrx_word' id='word_1_187' title='bbox 335 2019 590 2077; x_wconf 90' lang='lat' dir='ltr'><strong>praeterea</strong></span> <span class='ocrx_word' id='word_1_188' title='bbox 627 2017 816 2064; x_wconf 87' lang='lat' dir='ltr'><strong>formae</strong></span> <span class='ocrx_word' id='word_1_189' title='bbox 855 2016 996 2065; x_wconf 89' lang='lat' dir='ltr'><strong>nobis</strong></span> <span class='ocrx_word' id='word_1_190' title='bbox 1028 2020 1174 2064; x_wconf 91' lang='lat' dir='ltr'><strong>notae</strong></span> <span class='ocrx_word' id='word_1_191' title='bbox 1214 2020 1343 2077; x_wconf 90' lang='lat' dir='ltr'><strong>sunt,</strong></span> <span class='ocrx_word' id='word_1_192' title='bbox 1385 2032 1506 2078; x_wconf 91' lang='lat' dir='ltr'><strong>quas</strong></span> <span class='ocrx_word' id='word_1_193' title='bbox 1538 2016 1642 2063; x_wconf 84' lang='lat' dir='ltr'><strong>dixi</strong></span> <span class='ocrx_word' id='word_1_194' title='bbox 1674 2032 1855 2078; x_wconf 88' lang='lat' dir='ltr'><strong>appen-</strong></span> 
     </span>
     <span class='ocr_line' id='line_1_26' title="bbox 169 2090 1128 2152; baseline 0 -14"><span class='ocrx_word' id='word_1_195' title='bbox 169 2090 300 2139; x_wconf 91' lang='lat' dir='ltr'><strong>dices</strong></span> <span class='ocrx_word' id='word_1_196' title='bbox 338 2090 692 2152; x_wconf 76' lang='lat' dir='ltr'><strong>Dionysiacam</strong></span> <span class='ocrx_word' id='word_1_197' title='bbox 731 2094 779 2139; x_wconf 92' lang='lat' dir='ltr'><strong>et</strong></span> <span class='ocrx_word' id='word_1_198' title='bbox 818 2091 1128 2139; x_wconf 87' lang='lat' dir='ltr'><strong>rhetoricam.</strong></span> 
     </span>
    </p>

    <p class='ocr_par' dir='ltr' id='par_1_6' title="bbox 282 2163 1215 2213">
     <span class='ocr_line' id='line_1_27' title="bbox 282 2163 1215 2213; baseline -0.002 -1"><span class='ocrx_word' id='word_1_199' title='bbox 282 2163 483 2213; x_wconf 83' lang='lat' dir='ltr'><strong>Codices</strong></span> <span class='ocrx_word' id='word_1_200' title='bbox 524 2165 755 2212; x_wconf 89' lang='lat' dir='ltr'><strong>secedunt</strong></span> <span class='ocrx_word' id='word_1_201' title='bbox 793 2165 844 2212; x_wconf 91' lang='lat' dir='ltr'><strong>in</strong></span> <span class='ocrx_word' id='word_1_202' title='bbox 882 2168 983 2213; x_wconf 91' lang='lat' dir='ltr'><strong>tres</strong></span> <span class='ocrx_word' id='word_1_203' title='bbox 1024 2167 1215 2213; x_wconf 89' lang='lat' dir='ltr'><strong>classes.</strong></span> 
     </span>
    </p>

    <p class='ocr_par' dir='ltr' id='par_1_7' title="bbox 169 2233 1856 2597">
     <span class='ocr_line' id='line_1_28' title="bbox 283 2233 1855 2305; baseline 0 -20"><span class='ocrx_word' id='word_1_204' title='bbox 283 2241 326 2285; x_wconf 93' lang='lat'><strong>1.</strong></span> <span class='ocrx_word' id='word_1_205' title='bbox 378 2239 520 2286; x_wconf 84' lang='lat' dir='ltr'><strong>Prior</strong></span> <span class='ocrx_word' id='word_1_206' title='bbox 566 2254 679 2299; x_wconf 89' lang='lat' dir='ltr'><strong>pars</strong></span> <span class='ocrx_word' id='word_1_207' title='bbox 720 2233 827 2304; x_wconf 85' lang='lat' dir='ltr'><strong>(lib.</strong></span> <span class='ocrx_word' id='word_1_208' title='bbox 860 2234 1060 2305; x_wconf 81' lang='lat'>1—111)</span> <span class='ocrx_word' id='word_1_209' title='bbox 1100 2255 1256 2301; x_wconf 87' lang='lat' dir='ltr'><strong>usque</strong></span> <span class='ocrx_word' id='word_1_210' title='bbox 1303 2239 1366 2287; x_wconf 89' lang='lat' dir='ltr'><strong>ad</strong></span> <span class='ocrx_word' id='word_1_211' title='bbox 1405 2238 1557 2287; x_wconf 87' lang='lat' dir='ltr'><strong>verba</strong></span> <span class='ocrx_word' id='word_1_212' title='bbox 1595 2235 1855 2296; x_wconf 83' lang='grc' dir='ltr'><em>ἀποθέσεις</em></span> 
     </span>
     <span class='ocr_line' id='line_1_29' title="bbox 170 2309 1855 2375; baseline 0.001 -15"><span class='ocrx_word' id='word_1_213' title='bbox 170 2309 222 2360; x_wconf 80' lang='grc' dir='ltr'><strong>δὲ</strong></span> <span class='ocrx_word' id='word_1_214' title='bbox 260 2319 356 2360; x_wconf 86' lang='grc' dir='ltr'><strong>τῶν</strong></span> <span class='ocrx_word' id='word_1_215' title='bbox 396 2311 698 2360; x_wconf 81' lang='grc' dir='ltr'><em>δακτυλικῶν</em></span> <span class='ocrx_word' id='word_1_216' title='bbox 737 2329 783 2374; x_wconf 89' lang='lat' dir='ltr'><strong>p.</strong></span> <span class='ocrx_word' id='word_1_217' title='bbox 813 2314 1021 2375; x_wconf 83' lang='lat'><strong>272,14</strong></span> <span class='ocrx_word' id='word_1_218' title='bbox 1063 2314 1190 2362; x_wconf 83' lang='lat' dir='ltr'><strong>inest</strong></span> <span class='ocrx_word' id='word_1_219' title='bbox 1228 2315 1281 2361; x_wconf 87' lang='lat' dir='ltr'><strong>in</strong></span> <span class='ocrx_word' id='word_1_220' title='bbox 1315 2313 1562 2361; x_wconf 87' lang='lat' dir='ltr'><strong>codicibus</strong></span> <span class='ocrx_word' id='word_1_221' title='bbox 1596 2313 1765 2361; x_wconf 87' lang='lat' dir='ltr'><strong>classis</strong></span> <span class='ocrx_word' id='word_1_222' title='bbox 1792 2313 1855 2373; x_wconf 88' lang='lat' dir='ltr'><strong>X,</strong></span> 
     </span>
     <span class='ocr_line' id='line_1_30' title="bbox 171 2386 1854 2450; baseline 0 -17"><span class='ocrx_word' id='word_1_223' title='bbox 171 2386 230 2434; x_wconf 91' lang='lat' dir='ltr'><strong>de</strong></span> <span class='ocrx_word' id='word_1_224' title='bbox 269 2386 445 2447; x_wconf 87' lang='lat' dir='ltr'><strong>quibus</strong></span> <span class='ocrx_word' id='word_1_225' title='bbox 485 2402 635 2447; x_wconf 90' lang='lat' dir='ltr'><strong>supra</strong></span> <span class='ocrx_word' id='word_1_226' title='bbox 674 2387 765 2450; x_wconf 85' lang='lat' dir='ltr'><strong>egi.</strong></span> <span class='ocrx_word' id='word_1_227' title='bbox 841 2387 940 2435; x_wconf 90' lang='lat' dir='ltr'><strong>Ubi</strong></span> <span class='ocrx_word' id='word_1_228' title='bbox 982 2387 1034 2434; x_wconf 91' lang='lat' dir='ltr'>X</span> <span class='ocrx_word' id='word_1_229' title='bbox 1071 2388 1224 2447; x_wconf 87' lang='lat' dir='ltr'><strong>adest,</strong></span> <span class='ocrx_word' id='word_1_230' title='bbox 1265 2387 1413 2435; x_wconf 85' lang='lat' dir='ltr'><strong>ceteri</strong></span> <span class='ocrx_word' id='word_1_231' title='bbox 1452 2387 1568 2434; x_wconf 89' lang='lat' dir='ltr'><strong>libri</strong></span> <span class='ocrx_word' id='word_1_232' title='bbox 1607 2388 1708 2434; x_wconf 84' lang='lat' dir='ltr'><strong>fere</strong></span> <span class='ocrx_word' id='word_1_233' title='bbox 1748 2387 1854 2433; x_wconf 94' lang='lat' dir='ltr'><strong>nul-</strong></span> 
     </span>
     <span class='ocr_line' id='line_1_31' title="bbox 169 2460 1856 2525; baseline -0.001 -17"><span class='ocrx_word' id='word_1_234' title='bbox 169 2460 266 2508; x_wconf 91' lang='lat' dir='ltr'><strong>lius</strong></span> <span class='ocrx_word' id='word_1_235' title='bbox 313 2464 428 2508; x_wconf 89' lang='lat' dir='ltr'><strong>sunt</strong></span> <span class='ocrx_word' id='word_1_236' title='bbox 477 2460 638 2521; x_wconf 85' lang='lat' dir='ltr'><strong>pretii.</strong></span> <span class='ocrx_word' id='word_1_237' title='bbox 716 2461 984 2509; x_wconf 84' lang='lat' dir='ltr'><strong>Rarissime</strong></span> <span class='ocrx_word' id='word_1_238' title='bbox 1029 2463 1185 2525; x_wconf 89' lang='lat' dir='ltr'><strong>igitur</strong></span> <span class='ocrx_word' id='word_1_239' title='bbox 1232 2477 1312 2509; x_wconf 90' lang='lat' dir='ltr'><strong>eos</strong></span> <span class='ocrx_word' id='word_1_240' title='bbox 1361 2462 1548 2509; x_wconf 86' lang='lat' dir='ltr'><strong>adscivi</strong></span> <span class='ocrx_word' id='word_1_241' title='bbox 1594 2476 1681 2508; x_wconf 90' lang='lat' dir='ltr'><strong>nec</strong></span> <span class='ocrx_word' id='word_1_242' title='bbox 1729 2476 1856 2522; x_wconf 91' lang='lat' dir='ltr'><strong>quae</strong></span> 
     </span>
     <span class='ocr_line' id='line_1_32' title="bbox 169 2534 1854 2597; baseline 0 -16"><span class='ocrx_word' id='word_1_243' title='bbox 169 2534 299 2582; x_wconf 90' lang='lat' dir='ltr'><strong>male</strong></span> <span class='ocrx_word' id='word_1_244' title='bbox 346 2534 726 2593; x_wconf 82' lang='lat' dir='ltr'><strong>decurtaveer</strong></span> <span class='ocrx_word' id='word_1_245' title='bbox 771 2535 824 2582; x_wconf 93' lang='lat' dir='ltr'><strong>id</strong></span> <span class='ocrx_word' id='word_1_246' title='bbox 871 2535 1006 2597; x_wconf 94' lang='lat' dir='ltr'><strong>quod</strong></span> <span class='ocrx_word' id='word_1_247' title='bbox 1052 2536 1336 2596; x_wconf 88' lang='lat' dir='ltr'><strong>saepissime</strong></span> <span class='ocrx_word' id='word_1_248' title='bbox 1382 2535 1438 2582; x_wconf 92' lang='lat' dir='ltr'><strong>fit</strong></span> <span class='ocrx_word' id='word_1_249' title='bbox 1478 2535 1657 2582; x_wconf 86' lang='lat' dir='ltr'><strong>diserte</strong></span> <span class='ocrx_word' id='word_1_250' title='bbox 1697 2535 1854 2582; x_wconf 88' lang='lat' dir='ltr'><strong>docui.</strong></span> 
     </span>
    </p>

    <p class='ocr_par' dir='ltr' id='par_1_8' title="bbox 172 2608 1856 2744">
     <span class='ocr_line' id='line_1_33' title="bbox 284 2608 1855 2672; baseline 0 -17"><span class='ocrx_word' id='word_1_251' title='bbox 284 2610 331 2655; x_wconf 83' lang='lat'><strong>2.</strong></span> <span class='ocrx_word' id='word_1_252' title='bbox 387 2608 482 2665; x_wconf 85' lang='lat' dir='ltr'><strong>Qui</strong></span> <span class='ocrx_word' id='word_1_253' title='bbox 522 2608 738 2670; x_wconf 87' lang='lat' dir='ltr'><strong>quinque</strong></span> <span class='ocrx_word' id='word_1_254' title='bbox 777 2608 929 2656; x_wconf 91' lang='lat' dir='ltr'><strong>libros</strong></span> <span class='ocrx_word' id='word_1_255' title='bbox 975 2611 1195 2672; x_wconf 87' lang='lat' dir='ltr'><strong>integros</strong></span> <span class='ocrx_word' id='word_1_256' title='bbox 1234 2610 1628 2670; x_wconf 88' lang='lat' dir='ltr'><strong>complectuntur</strong></span> <span class='ocrx_word' id='word_1_257' title='bbox 1667 2609 1855 2656; x_wconf 90' lang='lat' dir='ltr'><strong>codices</strong></span> 
     </span>
     <span class='ocr_line' id='line_1_34' title="bbox 172 2682 1856 2744; baseline -0.001 -14"><span class='ocrx_word' id='word_1_258' title='bbox 172 2697 338 2730; x_wconf 90' lang='lat' dir='ltr'><strong>omnes</strong></span> <span class='ocrx_word' id='word_1_259' title='bbox 378 2682 441 2728; x_wconf 93' lang='lat' dir='ltr'><strong>ad</strong></span> <span class='ocrx_word' id='word_1_260' title='bbox 473 2698 581 2730; x_wconf 91' lang='lat' dir='ltr'><strong>eam</strong></span> <span class='ocrx_word' id='word_1_261' title='bbox 613 2683 818 2730; x_wconf 89' lang='lat' dir='ltr'><strong>classem</strong></span> <span class='ocrx_word' id='word_1_262' title='bbox 855 2683 1100 2731; x_wconf 90' lang='lat' dir='ltr'><strong>referendi</strong></span> <span class='ocrx_word' id='word_1_263' title='bbox 1132 2687 1259 2743; x_wconf 89' lang='lat' dir='ltr'><strong>sunt,</strong></span> <span class='ocrx_word' id='word_1_264' title='bbox 1297 2699 1444 2744; x_wconf 89' lang='lat' dir='ltr'><strong>quam</strong></span> <span class='ocrx_word' id='word_1_265' title='bbox 1477 2699 1625 2743; x_wconf 89' lang='lat' dir='ltr'><strong>supra</strong></span> <span class='ocrx_word' id='word_1_266' title='bbox 1656 2683 1856 2730; x_wconf 88' lang='lat' dir='ltr'><strong>tertiam</strong></span> 
     </span>
    </p>
   </div>
   <div class='ocr_carea' id='block_1_3' title="bbox 175 2852 1855 2967">
    <p class='ocr_par' dir='ltr' id='par_1_9' title="bbox 175 2852 1855 2967">
     <span class='ocr_line' id='line_1_35' title="bbox 175 2852 1855 2966; baseline -0.001 -71"><span class='ocrx_word' id='word_1_267' title='bbox 175 2855 334 2966; x_wconf 44' lang='grc'>(190119</span> <span class='ocrx_word' id='word_1_268' title='bbox 374 2852 520 2954; x_wconf 57' lang='grc' dir='ltr'>ΡεὲιὲΙο</span> <span class='ocrx_word' id='word_1_269' title='bbox 561 2853 823 2896; x_wconf 86' lang='lat' dir='ltr'><strong>accuratius</strong></span> <span class='ocrx_word' id='word_1_270' title='bbox 857 2853 914 2896; x_wconf 90' lang='lat' dir='ltr'><strong>de</strong></span> <span class='ocrx_word' id='word_1_271' title='bbox 952 2853 1042 2897; x_wconf 90' lang='lat' dir='ltr'><strong>hac</strong></span> <span class='ocrx_word' id='word_1_272' title='bbox 1080 2867 1129 2896; x_wconf 91' lang='lat' dir='ltr'><strong>re</strong></span> <span class='ocrx_word' id='word_1_273' title='bbox 1162 2854 1237 2911; x_wconf 88' lang='lat' dir='ltr'><strong>egi</strong></span> <span class='ocrx_word' id='word_1_274' title='bbox 1269 2853 1318 2896; x_wconf 92' lang='lat' dir='ltr'><strong>in</strong></span> <span class='ocrx_word' id='word_1_275' title='bbox 1350 2867 1628 2910; x_wconf 84' lang='lat' dir='ltr'><strong>programm.</strong></span> <span class='ocrx_word' id='word_1_276' title='bbox 1662 2852 1855 2895; x_wconf 85' lang='lat' dir='ltr'><strong>Halensi</strong></span> 
     </span>
     <span class='ocr_line' id='line_1_36' title="bbox 355 2925 561 2967; baseline 0 -13"><span class='ocrx_word' id='word_1_277' title='bbox 355 2925 398 2967; x_wconf 88' lang='lat' dir='ltr'><strong>p.</strong></span> <span class='ocrx_word' id='word_1_278' title='bbox 496 2926 561 2966; x_wconf 87' lang='lat' dir='ltr'><strong>sq.</strong></span> 
     </span>
    </p>
   </div>
  </div>
 </body>
</html>
