<?xml version="1.0" encoding="UTF-8"?>
<!DOCTYPE html PUBLIC "-//W3C//DTD XHTML 1.0 Transitional//EN"
    "http://www.w3.org/TR/xhtml1/DTD/xhtml1-transitional.dtd">
<html xmlns="http://www.w3.org/1999/xhtml" xml:lang="en" lang="en">
 <head>
  <title>
</title>
<meta http-equiv="Content-Type" content="text/html;charset=utf-8" />
  <meta name='ocr-system' content='tesseract 3.04.00' />
  <meta name='ocr-capabilities' content='ocr_page ocr_carea ocr_par ocr_line ocrx_word'/>
</head>
<body>
  <div class='ocr_page' id='page_1' title='image "./hephaestionisenc00hephuoft_0023.png"; bbox 0 0 2090 3158; ppageno 0'>
   <div class='ocr_carea' id='block_1_1' title="bbox 870 152 1887 197">
    <p class='ocr_par' dir='ltr' id='par_1_1' title="bbox 870 152 1887 197">
     <span class='ocr_line' id='line_1_1' title="bbox 870 152 1887 197; baseline 0 -1"><span class='ocrx_word' id='word_1_1' title='bbox 870 155 1206 197; x_wconf 83' lang='lat' dir='ltr'><strong>PRAEFATIO</strong></span> <span class='ocrx_word' id='word_1_2' title='bbox 1780 152 1887 196; x_wconf 87' lang='lat' dir='ltr'>XXI</span> 
     </span>
    </p>
   </div>
   <div class='ocr_carea' id='block_1_2' title="bbox 195 293 1887 503">
    <p class='ocr_par' dir='ltr' id='par_1_2' title="bbox 195 293 1887 503">
     <span class='ocr_line' id='line_1_2' title="bbox 196 293 1887 355; baseline -0.001 -13"><span class='ocrx_word' id='word_1_3' title='bbox 196 293 368 342; x_wconf 88' lang='lat' dir='ltr'>docuit</span> <span class='ocrx_word' id='word_1_4' title='bbox 410 293 895 342; x_wconf 89' lang='lat' dir='ltr'>Hoerschelmannus</span> <span class='ocrx_word' id='word_1_5' title='bbox 950 295 1003 340; x_wconf 91' lang='lat' dir='ltr'>in</span> <span class='ocrx_word' id='word_1_6' title='bbox 1057 293 1226 341; x_wconf 87' lang='lat' dir='ltr'>libello</span> <span class='ocrx_word' id='word_1_7' title='bbox 1278 295 1369 355; x_wconf 90' lang='lat' dir='ltr'>qui</span> <span class='ocrx_word' id='word_1_8' title='bbox 1420 293 1727 341; x_wconf 78' lang='lat' dir='ltr'>inscribitur:</span> <span class='ocrx_word' id='word_1_9' title='bbox 1790 293 1887 340; x_wconf 86' lang='lat' dir='ltr'>Ein</span> 
     </span>
     <span class='ocr_line' id='line_1_3' title="bbox 197 366 1885 431; baseline -0.002 -15"><span class='ocrx_word' id='word_1_10' title='bbox 197 367 524 431; x_wconf 80' lang='lat' dir='ltr'>griechisches</span> <span class='ocrx_word' id='word_1_11' title='bbox 570 366 830 416; x_wconf 89' lang='lat' dir='ltr'>Lehrbuch</span> <span class='ocrx_word' id='word_1_12' title='bbox 876 368 964 415; x_wconf 90' lang='lat' dir='ltr'>der</span> <span class='ocrx_word' id='word_1_13' title='bbox 1002 367 1197 415; x_wconf 88' lang='lat' dir='ltr'>Metrik.</span> <span class='ocrx_word' id='word_1_14' title='bbox 1275 366 1429 428; x_wconf 91' lang='lat' dir='ltr'>Dorp.</span> <span class='ocrx_word' id='word_1_15' title='bbox 1464 367 1620 414; x_wconf 93' lang='lat'>1888.</span> <span class='ocrx_word' id='word_1_16' title='bbox 1663 394 1730 399; x_wconf 97' lang='lat'><strong>—</strong></span> <span class='ocrx_word' id='word_1_17' title='bbox 1770 366 1885 429; x_wconf 91' lang='lat' dir='ltr'>Ap-</span> 
     </span>
     <span class='ocr_line' id='line_1_4' title="bbox 195 441 1678 503; baseline -0.002 -13"><span class='ocrx_word' id='word_1_18' title='bbox 195 441 468 503; x_wconf 88' lang='lat' dir='ltr'>pendicis</span> <span class='ocrx_word' id='word_1_19' title='bbox 508 441 919 503; x_wconf 82' lang='lat' dir='ltr'>Dionysiaoae</span> <span class='ocrx_word' id='word_1_20' title='bbox 958 441 1084 490; x_wconf 84' lang='lat' dir='ltr'>duae</span> <span class='ocrx_word' id='word_1_21' title='bbox 1123 443 1321 490; x_wconf 86' lang='lat' dir='ltr'>exstant</span> <span class='ocrx_word' id='word_1_22' title='bbox 1357 442 1678 489; x_wconf 82' lang='lat' dir='ltr'>recensiones.</span> 
     </span>
    </p>
   </div>
   <div class='ocr_carea' id='block_1_3' title="bbox 194 530 1983 2150">
    <p class='ocr_par' dir='ltr' id='par_1_3' title="bbox 307 530 1465 595">
     <span class='ocr_line' id='line_1_5' title="bbox 307 530 1465 595; baseline 0.001 -18"><span class='ocrx_word' id='word_1_23' title='bbox 307 530 332 577; x_wconf 95' lang='lat' dir='ltr'>I</span> <span class='ocrx_word' id='word_1_24' title='bbox 386 530 653 592; x_wconf 89' lang='lat' dir='ltr'>Appendix</span> <span class='ocrx_word' id='word_1_25' title='bbox 692 530 993 591; x_wconf 83' lang='lat' dir='ltr'>Dionysiaca</span> <span class='ocrx_word' id='word_1_26' title='bbox 1031 532 1163 578; x_wconf 89' lang='lat' dir='ltr'>inest</span> <span class='ocrx_word' id='word_1_27' title='bbox 1445 587 1465 595; x_wconf 51' lang='lat'>-</span> 
     </span>
    </p>

    <p class='ocr_par' dir='ltr' id='par_1_4' title="bbox 194 599 1983 1319">
     <span class='ocr_line' id='line_1_6' title="bbox 307 599 1983 670; baseline -0.002 -18"><span class='ocrx_word' id='word_1_28' title='bbox 307 599 359 670; x_wconf 87' lang='lat' dir='ltr'>a)</span> <span class='ocrx_word' id='word_1_29' title='bbox 407 605 459 652; x_wconf 94' lang='lat' dir='ltr'>in</span> <span class='ocrx_word' id='word_1_30' title='bbox 511 606 954 666; x_wconf 68' lang='lat' dir='ltr'>praestantissimis</span> <span class='ocrx_word' id='word_1_31' title='bbox 999 605 1121 652; x_wconf 87' lang='lat' dir='ltr'>artis</span> <span class='ocrx_word' id='word_1_32' title='bbox 1160 603 1396 666; x_wconf 84' lang='lat' dir='ltr'>Dionysii</span> <span class='ocrx_word' id='word_1_33' title='bbox 1423 603 1682 651; x_wconf 79' lang='lat' dir='ltr'>‘codicibus</span> <span class='ocrx_word' id='word_1_34' title='bbox 1721 603 1891 650; x_wconf 89' lang='lat' dir='ltr'>Mona—</span> <span class='ocrx_word' id='word_1_35' title='bbox 1916 604 1983 650; x_wconf 88' lang='lat' dir='ltr'><em>M</em></span> 
     </span>
     <span class='ocr_line' id='line_1_7' title="bbox 195 677 1888 740; baseline -0.001 -14"><span class='ocrx_word' id='word_1_36' title='bbox 195 679 328 726; x_wconf 87' lang='lat' dir='ltr'>censi</span> <span class='ocrx_word' id='word_1_37' title='bbox 361 679 483 738; x_wconf 87' lang='lat'>310,</span> <span class='ocrx_word' id='word_1_38' title='bbox 522 695 669 740; x_wconf 91' lang='lat' dir='ltr'>quem</span> <span class='ocrx_word' id='word_1_39' title='bbox 707 680 822 726; x_wconf 91' lang='lat' dir='ltr'>ante</span> <span class='ocrx_word' id='word_1_40' title='bbox 861 679 1112 726; x_wconf 89' lang='lat' dir='ltr'>saeculum</span> <span class='ocrx_word' id='word_1_41' title='bbox 1142 677 1214 724; x_wconf 90' lang='lat' dir='ltr'>XI</span> <span class='ocrx_word' id='word_1_42' title='bbox 1253 680 1513 725; x_wconf 84' lang='lat' dir='ltr'>exaratum</span> <span class='ocrx_word' id='word_1_43' title='bbox 1544 692 1648 726; x_wconf 90' lang='lat' dir='ltr'>esse</span> <span class='ocrx_word' id='word_1_44' title='bbox 1681 679 1888 737; x_wconf 87' lang='lat' dir='ltr'>constat,</span> 
     </span>
     <span class='ocr_line' id='line_1_8' title="bbox 196 750 1962 816; baseline -0.001 -17"><span class='ocrx_word' id='word_1_45' title='bbox 196 753 398 814; x_wconf 90' lang='lat' dir='ltr'>eiusque</span> <span class='ocrx_word' id='word_1_46' title='bbox 457 753 743 816; x_wconf 86' lang='lat' dir='ltr'>apographo</span> <span class='ocrx_word' id='word_1_47' title='bbox 796 751 1304 800; x_wconf 88' lang='lat' dir='ltr'>Leidensi-Vossiano</span> <span class='ocrx_word' id='word_1_48' title='bbox 1362 750 1550 799; x_wconf 83' lang='lat' dir='ltr'>Graeco</span> <span class='ocrx_word' id='word_1_49' title='bbox 1614 751 1884 812; x_wconf 75' lang='lat' dir='ltr'>quadratae</span> <span class='ocrx_word' id='word_1_50' title='bbox 1915 751 1962 798; x_wconf 88' lang='lat' dir='ltr'><strong><em>L</em></strong></span> 
     </span>
     <span class='ocr_line' id='line_1_9' title="bbox 194 820 1889 892; baseline -0.001 -19"><span class='ocrx_word' id='word_1_51' title='bbox 194 825 382 874; x_wconf 89' lang='lat' dir='ltr'>formae</span> <span class='ocrx_word' id='word_1_52' title='bbox 433 843 505 874; x_wconf 90' lang='lat' dir='ltr'>nr.</span> <span class='ocrx_word' id='word_1_53' title='bbox 543 820 688 892; x_wconf 84' lang='lat'>76¹),</span> <span class='ocrx_word' id='word_1_54' title='bbox 737 841 886 888; x_wconf 90' lang='lat' dir='ltr'>quem</span> <span class='ocrx_word' id='word_1_55' title='bbox 931 827 1063 874; x_wconf 88' lang='lat' dir='ltr'>infra</span> <span class='ocrx_word' id='word_1_56' title='bbox 1108 825 1180 873; x_wconf 91' lang='lat' dir='ltr'>XI</span> <span class='ocrx_word' id='word_1_57' title='bbox 1227 826 1478 874; x_wconf 83' lang='lat' dir='ltr'>saeculum</span> <span class='ocrx_word' id='word_1_58' title='bbox 1527 825 1889 873; x_wconf 80' lang='lat' dir='ltr'>detrudendum</span> 
     </span>
     <span class='ocr_line' id='line_1_10' title="bbox 196 899 1889 964; baseline -0.001 -16"><span class='ocrx_word' id='word_1_59' title='bbox 196 915 300 948; x_wconf 88' lang='lat' dir='ltr'>esse</span> <span class='ocrx_word' id='word_1_60' title='bbox 338 903 492 964; x_wconf 88' lang='lat' dir='ltr'>negat</span> <span class='ocrx_word' id='word_1_61' title='bbox 528 900 775 963; x_wconf 85' lang='lat' dir='ltr'>Uhligius.</span> <span class='ocrx_word' id='word_1_62' title='bbox 851 900 1014 948; x_wconf 91' lang='lat' dir='ltr'>Huius</span> <span class='ocrx_word' id='word_1_63' title='bbox 1060 902 1277 962; x_wconf 90' lang='lat' dir='ltr'>pretium</span> <span class='ocrx_word' id='word_1_64' title='bbox 1316 916 1372 948; x_wconf 91' lang='lat' dir='ltr'>eo</span> <span class='ocrx_word' id='word_1_65' title='bbox 1413 901 1718 960; x_wconf 86' lang='lat' dir='ltr'>continetur,</span> <span class='ocrx_word' id='word_1_66' title='bbox 1758 899 1889 960; x_wconf 93' lang='lat' dir='ltr'>quod</span> 
     </span>
     <span class='ocr_line' id='line_1_11' title="bbox 196 973 1887 1036; baseline -0.001 -15"><span class='ocrx_word' id='word_1_67' title='bbox 196 989 326 1022; x_wconf 89' lang='lat' dir='ltr'>nunc</span> <span class='ocrx_word' id='word_1_68' title='bbox 364 974 673 1022; x_wconf 86' lang='lat' dir='ltr'>Monacensis</span> <span class='ocrx_word' id='word_1_69' title='bbox 722 975 998 1035; x_wconf 88' lang='lat' dir='ltr'>complures</span> <span class='ocrx_word' id='word_1_70' title='bbox 1047 976 1396 1036; x_wconf 87' lang='lat' dir='ltr'>quaterniones</span> <span class='ocrx_word' id='word_1_71' title='bbox 1443 975 1751 1021; x_wconf 89' lang='lat' dir='ltr'>interierunt.</span> <span class='ocrx_word' id='word_1_72' title='bbox 1830 973 1887 1020; x_wconf 94' lang='lat' dir='ltr'>In</span> 
     </span>
     <span class='ocr_line' id='line_1_12' title="bbox 194 1048 1886 1112; baseline -0.001 -17"><span class='ocrx_word' id='word_1_73' title='bbox 194 1048 425 1097; x_wconf 87' lang='lat' dir='ltr'>Leidensi</span> <span class='ocrx_word' id='word_1_74' title='bbox 463 1049 585 1095; x_wconf 88' lang='lat' dir='ltr'>haec</span> <span class='ocrx_word' id='word_1_75' title='bbox 625 1050 877 1112; x_wconf 87' lang='lat' dir='ltr'>congeries</span> <span class='ocrx_word' id='word_1_76' title='bbox 907 1050 1117 1096; x_wconf 89' lang='lat' dir='ltr'>metrica</span> <span class='ocrx_word' id='word_1_77' title='bbox 1148 1048 1382 1110; x_wconf 86' lang='lat' dir='ltr'>Dionysii</span> <span class='ocrx_word' id='word_1_78' title='bbox 1419 1051 1576 1095; x_wconf 89' lang='lat' dir='ltr'>artem</span> <span class='ocrx_word' id='word_1_79' title='bbox 1610 1048 1886 1096; x_wconf 88' lang='lat' dir='ltr'>absolutam</span> 
     </span>
     <span class='ocr_line' id='line_1_13' title="bbox 194 1116 1887 1188; baseline -0.001 -18"><span class='ocrx_word' id='word_1_80' title='bbox 194 1124 418 1184; x_wconf 86' lang='lat' dir='ltr'>sequitur</span> <span class='ocrx_word' id='word_1_81' title='bbox 467 1116 572 1188; x_wconf 87' lang='lat' dir='ltr'>(fol.</span> <span class='ocrx_word' id='word_1_82' title='bbox 610 1123 825 1170; x_wconf 87' lang='lat'>71—84</span> <span class='ocrx_word' id='word_1_83' title='bbox 865 1123 945 1171; x_wconf 82' lang='lat' dir='ltr'>vel</span> <span class='ocrx_word' id='word_1_84' title='bbox 986 1116 1104 1188; x_wconf 88' lang='lat'>85),</span> <span class='ocrx_word' id='word_1_85' title='bbox 1154 1124 1208 1170; x_wconf 92' lang='lat' dir='ltr'>in</span> <span class='ocrx_word' id='word_1_86' title='bbox 1254 1123 1541 1170; x_wconf 86' lang='lat' dir='ltr'>Monacensi</span> <span class='ocrx_word' id='word_1_87' title='bbox 1585 1122 1721 1170; x_wconf 83' lang='lat' dir='ltr'>foliis</span> <span class='ocrx_word' id='word_1_88' title='bbox 1768 1137 1887 1169; x_wconf 91' lang='lat' dir='ltr'>non-</span> 
     </span>
     <span class='ocr_line' id='line_1_14' title="bbox 195 1190 1889 1262; baseline 0 -19"><span class='ocrx_word' id='word_1_89' title='bbox 195 1197 348 1245; x_wconf 89' lang='lat' dir='ltr'>nullis</span> <span class='ocrx_word' id='word_1_90' title='bbox 387 1198 684 1258; x_wconf 89' lang='lat' dir='ltr'>permutatis</span> <span class='ocrx_word' id='word_1_91' title='bbox 718 1191 802 1262; x_wconf 83' lang='lat' dir='ltr'>(of.</span> <span class='ocrx_word' id='word_1_92' title='bbox 826 1196 993 1261; x_wconf 86' lang='lat' dir='ltr'>Uhlig.</span> <span class='ocrx_word' id='word_1_93' title='bbox 1026 1214 1073 1258; x_wconf 89' lang='lat' dir='ltr'>p.</span> <span class='ocrx_word' id='word_1_94' title='bbox 1106 1196 1238 1244; x_wconf 89' lang='lat' dir='ltr'>XVI.</span> <span class='ocrx_word' id='word_1_95' title='bbox 1270 1190 1438 1262; x_wconf 84' lang='lat' dir='ltr'>XVII)</span> <span class='ocrx_word' id='word_1_96' title='bbox 1481 1211 1589 1244; x_wconf 88' lang='lat' dir='ltr'>eam</span> <span class='ocrx_word' id='word_1_97' title='bbox 1630 1195 1889 1244; x_wconf 84' lang='lat' dir='ltr'>antecedit.</span> 
     </span>
     <span class='ocr_line' id='line_1_15' title="bbox 197 1270 793 1319; baseline 0.002 -2"><span class='ocrx_word' id='word_1_98' title='bbox 197 1270 481 1319; x_wconf 84' lang='lat' dir='ltr'>Particulae</span> <span class='ocrx_word' id='word_1_99' title='bbox 521 1273 637 1319; x_wconf 90' lang='lat' dir='ltr'>sunt</span> <span class='ocrx_word' id='word_1_100' title='bbox 674 1271 793 1318; x_wconf 87' lang='lat' dir='ltr'>hae:</span> 
     </span>
    </p>

    <p class='ocr_par' dir='ltr' id='par_1_5' title="bbox 195 1342 1888 1478">
     <span class='ocr_line' id='line_1_16' title="bbox 311 1342 1888 1409; baseline -0.001 -17"><span class='ocrx_word' id='word_1_101' title='bbox 311 1350 355 1392; x_wconf 95' lang='lat'>1.</span> <span class='ocrx_word' id='word_1_102' title='bbox 394 1342 504 1409; x_wconf 79' lang='grc' dir='ltr'><strong><em>περὶ</em></strong></span> <span class='ocrx_word' id='word_1_103' title='bbox 553 1344 725 1392; x_wconf 80' lang='grc' dir='ltr'><em>ποδῶν</em></span> <span class='ocrx_word' id='word_1_104' title='bbox 758 1366 827 1382; x_wconf 86' lang='grc'>--</span> <span class='ocrx_word' id='word_1_105' title='bbox 860 1361 906 1406; x_wconf 93' lang='lat' dir='ltr'>p.</span> <span class='ocrx_word' id='word_1_106' title='bbox 942 1346 1259 1401; x_wconf 82' lang='lat'>307—309,</span> <span class='ocrx_word' id='word_1_107' title='bbox 1288 1346 1371 1392; x_wconf 90' lang='lat'>18.</span> <span class='ocrx_word' id='word_1_108' title='bbox 1447 1344 1594 1392; x_wconf 90' lang='lat' dir='ltr'>Dion.</span> <span class='ocrx_word' id='word_1_109' title='bbox 1627 1361 1674 1405; x_wconf 90' lang='lat' dir='ltr'>p.</span> <span class='ocrx_word' id='word_1_110' title='bbox 1711 1345 1831 1406; x_wconf 85' lang='lat'>117,</span> <span class='ocrx_word' id='word_1_111' title='bbox 1856 1346 1888 1390; x_wconf 89' lang='lat'>4</span> 
     </span>
     <span class='ocr_line' id='line_1_17' title="bbox 195 1421 469 1478; baseline 0 -12"><span class='ocrx_word' id='word_1_112' title='bbox 195 1421 394 1478; x_wconf 85' lang='lat'>-121,</span> <span class='ocrx_word' id='word_1_113' title='bbox 422 1421 469 1466; x_wconf 89' lang='lat'>9.</span> 
     </span>
    </p>

    <p class='ocr_par' dir='ltr' id='par_1_6' title="bbox 194 1489 1889 1776">
     <span class='ocr_line' id='line_1_18' title="bbox 312 1489 1889 1557; baseline -0.001 -17"><span class='ocrx_word' id='word_1_114' title='bbox 312 1495 357 1541; x_wconf 91' lang='lat'>2.</span> <span class='ocrx_word' id='word_1_115' title='bbox 414 1490 524 1556; x_wconf 80' lang='grc' dir='ltr'><strong><em>περὶ</em></strong></span> <span class='ocrx_word' id='word_1_116' title='bbox 578 1499 664 1540; x_wconf 85' lang='grc' dir='ltr'>τοῦ</span> <span class='ocrx_word' id='word_1_117' title='bbox 720 1489 938 1557; x_wconf 82' lang='grc' dir='ltr'><em>ἡρωϊκοῦ</em></span> <span class='ocrx_word' id='word_1_118' title='bbox 987 1490 1163 1557; x_wconf 81' lang='grc' dir='ltr'><strong><em>μέτρου</em></strong></span> <span class='ocrx_word' id='word_1_119' title='bbox 1196 1513 1266 1530; x_wconf 93' lang='lat'>=</span> <span class='ocrx_word' id='word_1_120' title='bbox 1299 1509 1345 1553; x_wconf 90' lang='lat' dir='ltr'>p.</span> <span class='ocrx_word' id='word_1_121' title='bbox 1381 1493 1508 1553; x_wconf 90' lang='lat'>312,</span> <span class='ocrx_word' id='word_1_122' title='bbox 1539 1493 1815 1551; x_wconf 91' lang='lat'>12—313,</span> <span class='ocrx_word' id='word_1_123' title='bbox 1842 1493 1889 1539; x_wconf 90' lang='grc'>8.</span> 
     </span>
     <span class='ocr_line' id='line_1_19' title="bbox 195 1560 1889 1631; baseline 0 -18"><span class='ocrx_word' id='word_1_124' title='bbox 195 1566 341 1615; x_wconf 85' lang='lat' dir='ltr'>Dion.</span> <span class='ocrx_word' id='word_1_125' title='bbox 374 1583 420 1627; x_wconf 91' lang='lat' dir='ltr'>p.</span> <span class='ocrx_word' id='word_1_126' title='bbox 450 1568 860 1628; x_wconf 87' lang='lat'>121,10—-122,</span> <span class='ocrx_word' id='word_1_127' title='bbox 883 1569 965 1614; x_wconf 91' lang='lat'>12.</span> <span class='ocrx_word' id='word_1_128' title='bbox 1027 1567 1093 1614; x_wconf 87' lang='lat' dir='ltr'>Et</span> <span class='ocrx_word' id='word_1_129' title='bbox 1132 1566 1278 1614; x_wconf 90' lang='lat' dir='ltr'>huius</span> <span class='ocrx_word' id='word_1_130' title='bbox 1319 1567 1497 1628; x_wconf 67' lang='lat' dir='ltr'>capitis</span> <span class='ocrx_word' id='word_1_131' title='bbox 1530 1568 1688 1614; x_wconf 79' lang='lat' dir='ltr'>exitus</span> <span class='ocrx_word' id='word_1_132' title='bbox 1721 1560 1889 1631; x_wconf 88' lang='lat' dir='ltr'>(Dion.</span> 
     </span>
     <span class='ocr_line' id='line_1_20' title="bbox 194 1634 1889 1705; baseline 0 -18"><span class='ocrx_word' id='word_1_133' title='bbox 194 1658 241 1703; x_wconf 91' lang='lat' dir='ltr'>p.</span> <span class='ocrx_word' id='word_1_134' title='bbox 279 1642 398 1700; x_wconf 91' lang='lat'>122,</span> <span class='ocrx_word' id='word_1_135' title='bbox 427 1634 483 1705; x_wconf 85' lang='lat'>7)</span> <span class='ocrx_word' id='word_1_136' title='bbox 526 1644 576 1687; x_wconf 91' lang='lat' dir='ltr'>et</span> <span class='ocrx_word' id='word_1_137' title='bbox 615 1642 781 1701; x_wconf 87' lang='lat' dir='ltr'>capita</span> <span class='ocrx_word' id='word_1_138' title='bbox 822 1641 868 1688; x_wconf 89' lang='lat'>3.</span> <span class='ocrx_word' id='word_1_139' title='bbox 903 1642 951 1688; x_wconf 88' lang='lat'>4.</span> <span class='ocrx_word' id='word_1_140' title='bbox 985 1642 1034 1688; x_wconf 85' lang='lat' dir='ltr'>et</span> <span class='ocrx_word' id='word_1_141' title='bbox 1073 1642 1252 1702; x_wconf 84' lang='lat' dir='ltr'>capitis</span> <span class='ocrx_word' id='word_1_142' title='bbox 1288 1641 1317 1687; x_wconf 98' lang='lat'>5</span> <span class='ocrx_word' id='word_1_143' title='bbox 1359 1641 1562 1687; x_wconf 86' lang='lat' dir='ltr'>initium</span> <span class='ocrx_word' id='word_1_144' title='bbox 1592 1642 1644 1687; x_wconf 87' lang='lat' dir='ltr'>in</span> <span class='ocrx_word' id='word_1_145' title='bbox 1678 1642 1745 1687; x_wconf 85' lang='lat' dir='ltr'><strong><em>M</em></strong></span> <span class='ocrx_word' id='word_1_146' title='bbox 1768 1641 1889 1687; x_wconf 85' lang='lat' dir='ltr'>folio</span> 
     </span>
     <span class='ocr_line' id='line_1_21' title="bbox 196 1713 682 1776; baseline -0.004 -14"><span class='ocrx_word' id='word_1_147' title='bbox 196 1714 450 1776; x_wconf 90' lang='lat' dir='ltr'>deperdito</span> <span class='ocrx_word' id='word_1_148' title='bbox 491 1713 682 1762; x_wconf 88' lang='lat' dir='ltr'>desunt.</span> 
     </span>
    </p>

    <p class='ocr_par' dir='ltr' id='par_1_7' title="bbox 196 1788 1889 1924">
     <span class='ocr_line' id='line_1_22' title="bbox 308 1788 1889 1850; baseline -0.002 -13"><span class='ocrx_word' id='word_1_149' title='bbox 308 1791 354 1837; x_wconf 87' lang='lat'>3.</span> <span class='ocrx_word' id='word_1_150' title='bbox 402 1788 654 1849; x_wconf 85' lang='lat' dir='ltr'>perbrevis</span> <span class='ocrx_word' id='word_1_151' title='bbox 700 1789 951 1850; x_wconf 83' lang='lat' dir='ltr'>particula</span> <span class='ocrx_word' id='word_1_152' title='bbox 997 1788 1056 1835; x_wconf 86' lang='lat' dir='ltr'>de</span> <span class='ocrx_word' id='word_1_153' title='bbox 1104 1788 1291 1849; x_wconf 85' lang='lat' dir='ltr'>iambo,</span> <span class='ocrx_word' id='word_1_154' title='bbox 1343 1804 1373 1835; x_wconf 93' lang='lat' dir='ltr'>a</span> <span class='ocrx_word' id='word_1_155' title='bbox 1422 1804 1501 1835; x_wconf 91' lang='lat' dir='ltr'>me</span> <span class='ocrx_word' id='word_1_156' title='bbox 1547 1803 1646 1835; x_wconf 93' lang='lat' dir='ltr'>non</span> <span class='ocrx_word' id='word_1_157' title='bbox 1692 1791 1889 1849; x_wconf 86' lang='lat' dir='ltr'>recepta</span> 
     </span>
     <span class='ocr_line' id='line_1_23' title="bbox 196 1862 1067 1924; baseline -0.001 -15"><span class='ocrx_word' id='word_1_158' title='bbox 196 1884 264 1900; x_wconf 94' lang='lat'><strong><em>=</em></strong></span> <span class='ocrx_word' id='word_1_159' title='bbox 298 1862 445 1910; x_wconf 90' lang='lat' dir='ltr'>Dion.</span> <span class='ocrx_word' id='word_1_160' title='bbox 484 1878 531 1924; x_wconf 93' lang='lat' dir='ltr'>p.</span> <span class='ocrx_word' id='word_1_161' title='bbox 569 1863 995 1922; x_wconf 89' lang='lat'>122,12—123,</span> <span class='ocrx_word' id='word_1_162' title='bbox 1023 1864 1067 1910; x_wconf 85' lang='lat'>5.</span> 
     </span>
    </p>

    <p class='ocr_par' dir='ltr' id='par_1_8' title="bbox 194 1930 1887 2072">
     <span class='ocr_line' id='line_1_24' title="bbox 307 1930 1887 2003; baseline -0.001 -19"><span class='ocrx_word' id='word_1_163' title='bbox 307 1938 354 1984; x_wconf 88' lang='lat'>4.</span> <span class='ocrx_word' id='word_1_164' title='bbox 387 1934 497 2000; x_wconf 82' lang='grc' dir='ltr'><em>περὶ</em></span> <span class='ocrx_word' id='word_1_165' title='bbox 527 1942 690 1999; x_wconf 85' lang='grc' dir='ltr'><strong>τομῶν</strong></span> <span class='ocrx_word' id='word_1_166' title='bbox 722 1930 830 2001; x_wconf 86' lang='lat' dir='ltr'>(sed</span> <span class='ocrx_word' id='word_1_167' title='bbox 863 1938 968 1984; x_wconf 91' lang='lat' dir='ltr'>sine</span> <span class='ocrx_word' id='word_1_168' title='bbox 998 1930 1175 2003; x_wconf 90' lang='lat' dir='ltr'>titulo)</span> <span class='ocrx_word' id='word_1_169' title='bbox 1202 1957 1271 1974; x_wconf 93' lang='lat'><strong><em>=</em></strong></span> <span class='ocrx_word' id='word_1_170' title='bbox 1298 1953 1343 1997; x_wconf 95' lang='lat' dir='ltr'>p.</span> <span class='ocrx_word' id='word_1_171' title='bbox 1372 1937 1493 1998; x_wconf 90' lang='lat'>328,</span> <span class='ocrx_word' id='word_1_172' title='bbox 1516 1936 1784 1997; x_wconf 89' lang='lat'>15—329,</span> <span class='ocrx_word' id='word_1_173' title='bbox 1806 1937 1887 1983; x_wconf 88' lang='lat'>15.</span> 
     </span>
     <span class='ocr_line' id='line_1_25' title="bbox 194 2010 925 2072; baseline 0 -15"><span class='ocrx_word' id='word_1_174' title='bbox 194 2010 339 2058; x_wconf 92' lang='lat' dir='ltr'>Dion.</span> <span class='ocrx_word' id='word_1_175' title='bbox 380 2027 426 2072; x_wconf 92' lang='lat' dir='ltr'>p.</span> <span class='ocrx_word' id='word_1_176' title='bbox 464 2012 585 2070; x_wconf 84' lang='lat'>123,</span> <span class='ocrx_word' id='word_1_177' title='bbox 613 2011 854 2070; x_wconf 86' lang='lat'>6—124,</span> <span class='ocrx_word' id='word_1_178' title='bbox 882 2011 925 2058; x_wconf 90' lang='lat'>5.</span> 
     </span>
    </p>

    <p class='ocr_par' dir='ltr' id='par_1_9' title="bbox 310 2077 1704 2150">
     <span class='ocr_line' id='line_1_26' title="bbox 310 2077 1704 2150; baseline -0.001 -18"><span class='ocrx_word' id='word_1_179' title='bbox 310 2085 355 2132; x_wconf 90' lang='lat'>5.</span> <span class='ocrx_word' id='word_1_180' title='bbox 394 2086 510 2147; x_wconf 86' lang='lat' dir='ltr'>post</span> <span class='ocrx_word' id='word_1_181' title='bbox 548 2084 795 2132; x_wconf 85' lang='lat' dir='ltr'>distichon</span> <span class='ocrx_word' id='word_1_182' title='bbox 836 2077 907 2150; x_wconf 82' lang='lat' dir='ltr'>(p.</span> <span class='ocrx_word' id='word_1_183' title='bbox 944 2085 1065 2145; x_wconf 90' lang='lat'>331,</span> <span class='ocrx_word' id='word_1_184' title='bbox 1093 2085 1138 2131; x_wconf 93' lang='lat'>5.</span> <span class='ocrx_word' id='word_1_185' title='bbox 1180 2084 1324 2131; x_wconf 89' lang='lat' dir='ltr'>Dion.</span> <span class='ocrx_word' id='word_1_186' title='bbox 1363 2086 1483 2144; x_wconf 91' lang='lat'>124,</span> <span class='ocrx_word' id='word_1_187' title='bbox 1510 2086 1539 2132; x_wconf 88' lang='lat'>5</span> <span class='ocrx_word' id='word_1_188' title='bbox 1567 2079 1704 2149; x_wconf 85' lang='lat' dir='ltr'>adn.)</span> 
     </span>
    </p>
   </div>
   <div class='ocr_carea' id='block_1_4' title="bbox 401 2167 1655 2311">
    <p class='ocr_par' dir='ltr' id='par_1_10' title="bbox 401 2167 1655 2311">
     <span class='ocr_line' id='line_1_27' title="bbox 401 2167 1655 2238; baseline 0 -17"><span class='ocrx_word' id='word_1_189' title='bbox 401 2170 536 2232; x_wconf 74' lang='grc' dir='ltr'><em>ἄξιος</em></span> <span class='ocrx_word' id='word_1_190' title='bbox 576 2172 825 2221; x_wconf 82' lang='grc' dir='ltr'><em>αἰνεῖσθαι</em></span> <span class='ocrx_word' id='word_1_191' title='bbox 864 2173 1148 2236; x_wconf 84' lang='grc' dir='ltr'><em>Διονύσιος,</em></span> <span class='ocrx_word' id='word_1_192' title='bbox 1187 2168 1242 2231; x_wconf 81' lang='grc' dir='ltr'>ὃς</span> <span class='ocrx_word' id='word_1_193' title='bbox 1281 2167 1387 2220; x_wconf 81' lang='grc' dir='ltr'><em>τάδ’</em></span> <span class='ocrx_word' id='word_1_194' title='bbox 1424 2171 1655 2238; x_wconf 76' lang='grc' dir='ltr'>ἔγραψεν,</span> 
     </span>
     <span class='ocr_line' id='line_1_28' title="bbox 403 2245 1495 2311; baseline 0.001 -17"><span class='ocrx_word' id='word_1_195' title='bbox 403 2245 693 2311; x_wconf 80' lang='grc' dir='ltr'><em>ἀνθρώποις</em></span> <span class='ocrx_word' id='word_1_196' title='bbox 732 2245 911 2311; x_wconf 78' lang='grc' dir='ltr'><strong><em>ἐρατὴν</em></strong></span> <span class='ocrx_word' id='word_1_197' title='bbox 952 2246 1270 2309; x_wconf 81' lang='grc' dir='ltr'><em>δεικνύμενος</em></span> <span class='ocrx_word' id='word_1_198' title='bbox 1310 2247 1495 2310; x_wconf 85' lang='grc' dir='ltr'><em>σοφίην</em></span> 
     </span>
    </p>
   </div>
   <div class='ocr_carea' id='block_1_5' title="bbox 193 2349 1889 2710">
    <p class='ocr_par' dir='ltr' id='par_1_11' title="bbox 193 2349 1889 2710">
     <span class='ocr_line' id='line_1_29' title="bbox 195 2349 1886 2415; baseline -0.001 -16"><span class='ocrx_word' id='word_1_199' title='bbox 195 2353 418 2413; x_wconf 87' lang='lat' dir='ltr'>sequitur</span> <span class='ocrx_word' id='word_1_200' title='bbox 440 2353 493 2398; x_wconf 91' lang='lat' dir='ltr'>in</span> <span class='ocrx_word' id='word_1_201' title='bbox 511 2351 557 2398; x_wconf 92' lang='lat' dir='ltr'><em>L</em></span> <span class='ocrx_word' id='word_1_202' title='bbox 584 2353 933 2399; x_wconf 87' lang='lat' dir='ltr'>commentatio</span> <span class='ocrx_word' id='word_1_203' title='bbox 965 2349 1075 2415; x_wconf 84' lang='grc' dir='ltr'><strong><em>περὶ</em></strong></span> <span class='ocrx_word' id='word_1_204' title='bbox 1106 2350 1276 2398; x_wconf 81' lang='grc' dir='ltr'><em>ποδῶν</em></span> <span class='ocrx_word' id='word_1_205' title='bbox 1302 2371 1371 2388; x_wconf 93' lang='lat'><strong><em>=</em></strong></span> <span class='ocrx_word' id='word_1_206' title='bbox 1396 2367 1443 2412; x_wconf 92' lang='lat' dir='ltr'>p.</span> <span class='ocrx_word' id='word_1_207' title='bbox 1465 2352 1587 2411; x_wconf 87' lang='lat'>331,</span> <span class='ocrx_word' id='word_1_208' title='bbox 1607 2352 1886 2411; x_wconf 83' lang='lat'>6—334‚5</span> 
     </span>
     <span class='ocr_line' id='line_1_30' title="bbox 196 2418 1888 2491; baseline -0.001 -19"><span class='ocrx_word' id='word_1_209' title='bbox 196 2418 366 2491; x_wconf 91' lang='lat' dir='ltr'>(modo</span> <span class='ocrx_word' id='word_1_210' title='bbox 419 2425 502 2473; x_wconf 81' lang='lat' dir='ltr'>hio</span> <span class='ocrx_word' id='word_1_211' title='bbox 551 2426 657 2472; x_wconf 87' lang='lat' dir='ltr'>illic</span> <span class='ocrx_word' id='word_1_212' title='bbox 702 2418 971 2491; x_wconf 81' lang='lat' dir='ltr'>truncata).</span> <span class='ocrx_word' id='word_1_213' title='bbox 1058 2425 1266 2472; x_wconf 89' lang='lat' dir='ltr'>Initium</span> <span class='ocrx_word' id='word_1_214' title='bbox 1313 2441 1370 2472; x_wconf 87' lang='lat' dir='ltr'>ex</span> <span class='ocrx_word' id='word_1_215' title='bbox 1417 2425 1463 2471; x_wconf 93' lang='lat' dir='ltr'><em>L</em></span> <span class='ocrx_word' id='word_1_216' title='bbox 1512 2424 1668 2472; x_wconf 89' lang='lat' dir='ltr'>edidit</span> <span class='ocrx_word' id='word_1_217' title='bbox 1716 2424 1888 2472; x_wconf 86' lang='lat' dir='ltr'>Stude-</span> 
     </span>
     <span class='ocr_line' id='line_1_31' title="bbox 193 2498 1889 2562; baseline 0 -16"><span class='ocrx_word' id='word_1_218' title='bbox 193 2499 405 2547; x_wconf 90' lang='lat' dir='ltr'>mundus</span> <span class='ocrx_word' id='word_1_219' title='bbox 445 2498 546 2545; x_wconf 94' lang='lat' dir='ltr'>AV</span> <span class='ocrx_word' id='word_1_220' title='bbox 576 2498 602 2545; x_wconf 94' lang='lat' dir='ltr'>I</span> <span class='ocrx_word' id='word_1_221' title='bbox 639 2516 686 2560; x_wconf 95' lang='lat' dir='ltr'>p.</span> <span class='ocrx_word' id='word_1_222' title='bbox 722 2501 842 2560; x_wconf 90' lang='grc'>292,</span> <span class='ocrx_word' id='word_1_223' title='bbox 883 2500 1090 2546; x_wconf 84' lang='lat' dir='ltr'>alteram</span> <span class='ocrx_word' id='word_1_224' title='bbox 1129 2502 1322 2560; x_wconf 88' lang='lat' dir='ltr'>partem</span> <span class='ocrx_word' id='word_1_225' title='bbox 1354 2515 1412 2545; x_wconf 85' lang='lat' dir='ltr'>ex</span> <span class='ocrx_word' id='word_1_226' title='bbox 1450 2499 1516 2545; x_wconf 85' lang='lat' dir='ltr'><em>M</em></span> <span class='ocrx_word' id='word_1_227' title='bbox 1550 2499 1635 2547; x_wconf 87' lang='lat' dir='ltr'>fol.</span> <span class='ocrx_word' id='word_1_228' title='bbox 1672 2502 1697 2546; x_wconf 94' lang='lat'>1</span> <span class='ocrx_word' id='word_1_229' title='bbox 1735 2499 1889 2562; x_wconf 86' lang='lat' dir='ltr'>Uhlig</span> 
     </span>
     <span class='ocr_line' id='line_1_32' title="bbox 194 2572 1884 2710; baseline -0.001 -16"><span class='ocrx_word' id='word_1_230' title='bbox 194 2589 239 2634; x_wconf 41' lang='lat' dir='ltr'>p·</span> <span class='ocrx_word' id='word_1_231' title='bbox 272 2572 514 2710; x_wconf 54' lang='grc' dir='ltr'>Χἔνπηῑρὶ</span> <span class='ocrx_word' id='word_1_232' title='bbox 564 2653 650 2694; x_wconf 84' lang='grc' dir='ltr'>τοῦ</span> <span class='ocrx_word' id='word_1_233' title='bbox 702 2646 934 2710; x_wconf 84' lang='grc' dir='ltr'><em>ἰαμβικοῦ</em></span> <span class='ocrx_word' id='word_1_234' title='bbox 986 2644 1161 2710; x_wconf 77' lang='grc' dir='ltr'><em>μέτρου</em></span> <span class='ocrx_word' id='word_1_235' title='bbox 1202 2668 1271 2684; x_wconf 88' lang='lat'><strong><em>=</em></strong></span> <span class='ocrx_word' id='word_1_236' title='bbox 1312 2663 1358 2708; x_wconf 93' lang='lat' dir='ltr'>p.</span> <span class='ocrx_word' id='word_1_237' title='bbox 1394 2648 1523 2707; x_wconf 84' lang='lat'>309,</span> <span class='ocrx_word' id='word_1_238' title='bbox 1550 2648 1827 2706; x_wconf 83' lang='lat'>22—-310,</span> <span class='ocrx_word' id='word_1_239' title='bbox 1857 2649 1884 2693; x_wconf 90' lang='grc'>7</span> 
     </span>
    </p>
   </div>
   <div class='ocr_carea' id='block_1_6' title="bbox 272 2770 423 2774">
    <p class='ocr_par' dir='ltr' id='par_1_12' title="bbox 272 2770 423 2774">
     <span class='ocr_line' id='line_1_33' title="bbox 272 2770 423 2774; baseline 0 0"><span class='ocrx_word' id='word_1_240' title='bbox 272 2770 423 2774; x_wconf 95' lang='lat' dir='ltr'> </span> 
     </span>
    </p>
   </div>
   <div class='ocr_carea' id='block_1_7' title="bbox 195 2830 1885 2946">
    <p class='ocr_par' dir='ltr' id='par_1_13' title="bbox 195 2830 1885 2946">
     <span class='ocr_line' id='line_1_34' title="bbox 316 2830 1885 2888; baseline 0.001 -14"><span class='ocrx_word' id='word_1_241' title='bbox 316 2833 358 2887; x_wconf 86' lang='grc'>1)</span> <span class='ocrx_word' id='word_1_242' title='bbox 390 2831 763 2888; x_wconf 87' lang='lat' dir='ltr'>Diligentissime</span> <span class='ocrx_word' id='word_1_243' title='bbox 789 2830 847 2874; x_wconf 91' lang='lat' dir='ltr'>de</span> <span class='ocrx_word' id='word_1_244' title='bbox 872 2830 939 2875; x_wconf 88' lang='lat' dir='ltr'>eis</span> <span class='ocrx_word' id='word_1_245' title='bbox 965 2831 1185 2874; x_wconf 86' lang='lat' dir='ltr'>disseruit</span> <span class='ocrx_word' id='word_1_246' title='bbox 1208 2830 1354 2888; x_wconf 85' lang='lat' dir='ltr'>Uhlig</span> <span class='ocrx_word' id='word_1_247' title='bbox 1385 2832 1433 2874; x_wconf 93' lang='lat' dir='ltr'>in</span> <span class='ocrx_word' id='word_1_248' title='bbox 1458 2831 1751 2887; x_wconf 83' lang='lat' dir='ltr'>praefatione</span> <span class='ocrx_word' id='word_1_249' title='bbox 1777 2831 1885 2875; x_wconf 91' lang='lat' dir='ltr'>Dio-</span> 
     </span>
     <span class='ocr_line' id='line_1_35' title="bbox 195 2890 1258 2946; baseline 0.001 -15"><span class='ocrx_word' id='word_1_250' title='bbox 195 2890 318 2944; x_wconf 85' lang='lat' dir='ltr'>nysii</span> <span class='ocrx_word' id='word_1_251' title='bbox 351 2891 464 2934; x_wconf 82' lang='lat' dir='ltr'>artis</span> <span class='ocrx_word' id='word_1_252' title='bbox 495 2905 539 2946; x_wconf 93' lang='lat' dir='ltr'>p.</span> <span class='ocrx_word' id='word_1_253' title='bbox 571 2890 822 2932; x_wconf 87' lang='lat' dir='ltr'>XH—-XIX</span> <span class='ocrx_word' id='word_1_254' title='bbox 855 2892 902 2933; x_wconf 86' lang='lat' dir='ltr'>et</span> <span class='ocrx_word' id='word_1_255' title='bbox 932 2890 1258 2933; x_wconf 89' lang='lat' dir='ltr'>XIX-XXIX.</span> 
     </span>
    </p>
   </div>
  </div>
 </body>
</html>
