2060 3168
738 148 798 190 D.
838 147 984 188 ΠΕΡΙ
1011 145 1226 188 ΤΟΜῼΝ
1716 144 1826 198 353

706 310 755 362 2.
794 309 880 362 Ps.
906 309 1079 379 Heph.
1113 312 1145 376 ξ
1177 309 1263 361 27.

256 409 422 467 Χαίρει
455 410 507 456 δὲ
539 410 733 468 μάλιστα
765 411 817 455 τὸ
850 411 964 455 αὐτὸ
989 409 1156 468 μέτρον
1178 413 1240 468 τῷ
1273 409 1511 470 συνδέσμῳ
1534 418 1626 454 τῶν
1650 412 1826 464 ποδῶν,

137 475 251 522 ὅταν
283 477 403 522 κατὰ
433 477 560 522 πόδα
590 477 770 534 μηδένα
801 477 868 528 εἰς
897 476 1036 560 μέρος
1064 475 1202 534 λόγου
1234 474 1485 534 ἀπαρτίζῃ,
1517 476 1632 520 ἀλλὰ
1663 478 1826 521 συνδε-

135 542 322 600 δεμένοι
350 544 450 594 πώς
481 543 598 588 εἰσιν
629 542 854 598 ἀλλήλοις,
884 544 947 595 ὡς
976 543 1027 587 ἐν
1057 547 1121 604 τῷ

307 607 510 655 Ἰλιόθεν
542 611 668 669 <με>
703 608 861 666 φέρων
893 609 1062 667 ἄνεμος
1092 609 1342 654 Κικόνεσσι
1372 608 1569 654 πέλασσε
1601 611 1636 667 (ι
1660 613 1747 666 39).
1871 623 1893 654 5

138 684 437 732 παραιτεῖται
468 675 520 720 δὲ
550 676 651 733 τὴν
682 676 824 720 κατὰ
853 675 1003 720 πόδα
1033 675 1230 733 τομήν,
1262 677 1323 726 ὡς
1354 676 1405 721 ἐν
1435 679 1500 736 τῷ

315 741 478 802 ὕβριος
500 741 655 787 εἵνεκα
678 746 831 799 τῆσδε,
855 743 911 786 συ
936 740 984 786 δ’
1004 742 1146 801 ἴσχεο,
1170 741 1336 787 πείθεο
1362 740 1408 788 δ’
1429 742 1540 800 ἡμῖν
1564 745 1623 799 (Α
1640 745 1763 798 214)-

135 807 255 854 καθ’
284 809 478 854 ἕκαστον
509 809 597 866 γὰρ
627 808 756 854 πόδα
787 809 867 853 καὶ
897 807 1035 865 μέρος
1064 807 1203 866 λόγου
1235 808 1526 865 ἀπήρτισται.

134 883 432 931 παραιτεῖται
464 875 516 921 δὲ
547 877 627 920 καὶ
657 875 758 932 τὴν
790 872 922 933 δίχα
953 874 1150 932 τομήν,
1183 875 1244 926 ὡς

315 939 423 986 ἔνθ’
445 938 546 986 οὔτ’
568 939 828 998 Ἰδομενεὺς
851 945 931 998 τλῆ
956 939 1139 998 μίμνειν
1165 939 1262 985 οὔτ’
1283 941 1568 1000 Ἀγαμέμνων
1590 943 1651 998 (Θ
1671 946 1763 999 78)·
1850 955 1891 986 10

134 1008 357 1064 ἀπήρτισε
389 1008 477 1066 γὰρ
510 1008 576 1060 εἰς
606 1007 744 1064 μέρος
773 1009 913 1067 λόγου
944 1009 1065 1053 κατὰ
1095 1008 1178 1052 τὸν
1208 1006 1364 1063 τρίτον
1395 1007 1535 1054 πόδα.

136 1075 216 1118 καὶ
247 1075 348 1131 τὴν
381 1075 460 1126 εἰς
489 1080 651 1133 τριχῆ
686 1072 977 1130 διαίρεσιν
1009 1073 1077 1129 δέ,
1110 1075 1171 1124 ὡς
1203 1075 1251 1119 ἐν
1281 1078 1345 1135 τῷ

316 1139 454 1198 ἤρως,
485 1140 548 1197 μή
578 1158 656 1198 μοι
687 1138 872 1185 τοῦνεκ’
901 1141 1118 1198 ἀμύμονα
1151 1138 1298 1186 νείκεε
1331 1142 1505 1199 κούρην
1538 1145 1582 1200 (η
1610 1147 1732 1199 303)·

135 1205 347 1264 ῥὐθμικὰ
381 1207 467 1264 γὰρ
499 1208 557 1251 τὰ
587 1214 781 1252 τοιαῦτα
815 1207 1059 1267 <μᾶλλον>
1091 1206 1120 1263 ἢ
1152 1208 1362 1264 μετρικοὶ·

132 1275 217 1332 τὴν
258 1274 308 1319 δὲ
355 1274 497 1318 κατὰ
541 1274 639 1318 τὸν
685 1273 956 1329 τέταρτον
1003 1273 1152 1318 πόδα
1198 1275 1372 1331 τομὴν
1413 1276 1498 1319 οὐκ
1537 1274 1823 1331 ἀποστρέφε-
1849 1287 1891 1319 15

132 1357 224 1395 ται,
259 1338 370 1385 ὅταν
400 1339 541 1384 πλείω
574 1340 686 1397 μέρη
718 1341 857 1397 λόγου
890 1338 1025 1399 στίχῳ
1059 1340 1342 1386 συνδέδεται.
1396 1342 1554 1401 Τούτῳ
1584 1346 1645 1400 τῷ
1677 1340 1823 1402 μέτρῳ

135 1405 384 1464 συμπίπτει
414 1409 494 1451 καὶ
524 1407 580 1451 τὰ
615 1409 643 1466 β
652 1407 925 1451 ουκολικὰ
957 1408 1233 1464 καλούμενα,
1260 1408 1342 1452 ἐὰν
1367 1409 1433 1458 εἰς
1455 1406 1674 1464 τέταρτον
1698 1407 1824 1453 πόδα

135 1474 413 1518 δακτυλικὸν
438 1472 757 1530 ἀπαρτίζηται.
804 1481 1097 1529 παραιτεῖται
1122 1474 1173 1520 δὲ
1201 1476 1280 1518 καὶ
1304 1473 1513 1531 πέμπτον
1538 1471 1660 1518 εἶναι
1684 1489 1825 1518 σπον-

133 1543 285 1595 δεῖον,
329 1539 400 1585 ὅτι
438 1548 534 1585 πᾶν
573 1539 739 1598 μέτρον
778 1540 1134 1598 παραλήγεσθαι
1174 1541 1386 1599 βούλεται
1416 1544 1479 1599 τῷ
1511 1539 1664 1599 οἰκείῳ
1696 1539 1824 1596 ποδί,

136 1603 192 1651 οὗ
225 1608 306 1651 καὶ
337 1606 582 1664 ἐπώνυμόν
615 1607 723 1660 ἐστι,
756 1606 948 1664 μάλιστα
983 1605 1094 1651 ὅταν
1120 1605 1425 1663 ἀπαρτίζηται
1449 1606 1586 1664 μέρος
1609 1605 1748 1663 λόγου
1772 1607 1823 1652 έν
1849 1621 1891 1652 20

132 1674 273 1732 αὐτῷ,
305 1674 366 1725 ὡς
398 1674 446 1718 ἐν
479 1671 640 1734 ἐκείνῳ

312 1735 396 1796 ἦεν
427 1739 712 1795 ἀνήνασθαι,
744 1740 918 1799 χαλεπὴ
952 1738 997 1784 δ’
1028 1741 1101 1798 ἔχε
1132 1740 1282 1797 δήμου
1315 1746 1460 1797 φῆμις
1490 1741 1530 1796 (ξ
1556 1743 1679 1796 239)·

134 1807 214 1850 καὶ
245 1806 333 1863 γὰρ
364 1813 418 1864 τῇ
452 1808 570 1865 ἀκοῇ
604 1805 811 1851 αὐτόθεν
843 1804 1121 1861 προσπίπτει
1150 1807 1202 1851 τὸ
1243 1807 1437 1864 κεχηνὸς
1466 1813 1548 1851 τοῦ
1583 1807 1742 1862 ἔπους,
1783 1807 1824 1852 εἰ

133 1874 214 1916 καὶ
231 1871 477 1923 σπονδεῖός
493 1875 630 1927 ἐστιν,
654 1871 753 1916 ἀλλ’
771 1870 909 1928 ἧττον
932 1876 1079 1927 λυπεῖ,
1106 1871 1217 1918 ὅταν
1233 1877 1294 1932 τῷ
1321 1873 1424 1929 ἑξῆς
1440 1879 1671 1930 συνῆπται
1694 1871 1820 1918 ποδί.

697 2023 744 2076 3.
792 2023 877 2076 Ps.
901 2023 1074 2092 Heph.
1107 2027 1139 2088 ξ
1175 2023 1256 2075 19.
1847 2043 1888 2074 25

253 2124 624 2181 Κακόμετρόν
665 2125 811 2179 ἐστιν,
852 2122 876 2168 ὃ
908 2124 1027 2168 κατὰ
1058 2123 1184 2168 πόδα
1216 2123 1243 2180 ἢ
1276 2123 1500 2169 διποδίαν
1531 2123 1558 2180 ἢ
1591 2124 1710 2169 κατὰ
1741 2141 1822 2170 πε-

133 2188 296 2246 ρίοδον
328 2190 569 2246 ἀπαρτίζει
599 2199 698 2242 τοῖς
728 2189 883 2247 μέρεσι
913 2198 996 2234 τοῦ
1027 2189 1185 2248 λόγου·
1225 2191 1278 2235 τὸ
1311 2191 1398 2248 γὰρ
1429 2191 1649 2247 καθαρὸν
1680 2191 1821 2247 ἡρωϊ-

133 2259 217 2301 κὸν
257 2257 525 2302 ἐπικόπτειν
555 2256 685 2302 θέλει
718 2258 805 2314 τὴν
835 2255 956 2310 λέξιν
989 2258 1038 2302 ἐν
1069 2265 1167 2309 τοῖς
1204 2256 1358 2314 μέρεσι
1388 2265 1480 2301 τῶν
1512 2265 1674 2315 χωρῶν
1705 2258 1821 2302 ἄνευ

133 2331 225 2368 τῶν
256 2332 421 2380 τομῶν.
486 2325 607 2369 ἔστιν
641 2322 725 2368 οὖν
755 2323 814 2368 τὰ
846 2323 988 2368 κατὰ
1019 2323 1167 2368 πόδα
1198 2323 1462 2381 κακόμετρα
1494 2327 1551 2378 (A
1577 2327 1679 2381 214)

312 2389 473 2448 ὕβριος
503 2389 658 2434 εἵνεκα
689 2392 845 2447 τῆσδε·
880 2391 934 2434 σὺ
967 2388 1011 2435 δ’
1042 2389 1182 2448 ἴσχεο,
1213 2389 1378 2435 πείθεο
1412 2389 1456 2436 δ’
1487 2391 1617 2448 ἡμῖν·
1844 2404 1888 2436 3ο

253 2543 278 2581 2
311 2538 427 2581 Mar.
446 2538 567 2581 Viet.
587 2538 649 2580 VI
677 2543 744 2592 71,
765 2544 832 2581 25.
889 2537 1103 2582 Eustath.
1137 2539 1197 2582 ad
1229 2543 1253 2582 I
1279 2543 1360 2582 122
1393 2554 1437 2595 p.
1467 2544 1565 2590 740,
1587 2546 1607 2582 1

254 2669 279 2707 3
311 2663 430 2707 κατὰ
461 2662 586 2707 πόδα
619 2662 796 2720 μηδένα
829 2664 1007 2721 scripsi,
1040 2662 1067 2719 ἢ
1100 2664 1194 2708 ἀπὸ
1227 2665 1372 2721 μηδὲν
1404 2664 1553 2716 codd,
1585 2664 1704 2707 κατὰ
1736 2681 1820 2720 μη-

133 2723 215 2766 δὲν
247 2723 347 2766 cod.
375 2723 499 2766 Saib.
526 2725 574 2767 et
597 2722 825 2774 Eustath„
857 2723 939 2766 ubi
971 2722 1090 2767 κατὰ
1122 2722 1300 2780 μηδένα
1334 2727 1412 2778 (sc.
1442 2722 1585 2778 πόδα)
1618 2723 1818 2767 scriben-

134 2781 246 2825 dum
288 2783 529 2839 proposuit
569 2781 614 2825 C.
649 2782 698 2825 E.
734 2783 785 2825 A.
820 2781 1032 2826 Schmidt
1072 2782 1228 2838 (Beitr.
1271 2797 1306 2825 z,
1342 2783 1504 2826 Gesch.
1539 2783 1581 2826 d.
1616 2782 1816 2826 Gramm.

133 2855 179 2896 p.
212 2846 298 2885 545
327 2842 474 2897 adn.);
514 2842 631 2891 ποὺς
662 2841 822 2897 μηδεὶς
854 2841 982 2884 stud.
1038 2843 1052 2898 ΙΙ
1109 2846 1162 2884 14
1195 2844 1365 2897 μᾶλλον
1396 2842 1533 2885 inser.
1565 2841 1776 2884 Schmidt
1805 2843 1819 2898 ΙΙ

137 2905 189 2942 16
223 2898 375 2957 στίχος
406 2900 537 2944 codd.
563 2902 578 2957 ΙΙ
602 2906 658 2943 24
691 2900 845 2944 ἐλύπει
885 2900 1018 2944 codd.
1043 2903 1057 2957 ΙΙ
1082 2905 1137 2943 26
1170 2900 1444 2956 κακόμετροι
1477 2901 1594 2944 εἰσὶν
1627 2899 1650 2944 ὁ
1684 2901 1817 2944 codd.

223 2982 485 3014 HEPBARS'HO
511 2983 567 3014 ed.
589 2983 878 3014 Consbruch.
1494 2979 1548 3017 ‘23
