2060 3168
679 157 744 198 Ἦ
773 156 919 197 ΠΕΡΙ
949 155 1343 197 ΣΤΝΙΖΗΣΕῼΣ
1750 154 1855 207 321

164 289 435 360 δευτέραν
474 291 757 359 συλλαβὴν
796 290 887 343 διὰ
926 290 987 343 τὸ
1027 290 1256 358 ἄφωνον
1294 290 1383 342 καὶ
1416 288 1756 358 ἀμετάβολον
1786 291 1859 353 ὡς

168 373 259 425 καὶ
298 373 446 440 παρὰ
490 374 766 442 Θεοκρίτω
807 369 963 443 (XIV
985 368 1083 442 48)

316 454 484 519 ἄμμες
516 451 564 506 δ’
590 453 723 506 οὐδὲ
756 455 927 521 λόγου
958 453 1110 515 τινὸς
1137 450 1283 516 ἄξιοι
1316 450 1440 505 οὐδ’
1463 451 1767 521 ἀριθμητοί

163 534 196 588 ὁ
235 533 476 601 πέμπτος
513 536 653 597 ποὺς
694 535 975 596 δάκτυλος.
1442 560 1460 569 -

280 615 327 668 8.
372 614 581 668 Ἐνιότε
619 615 807 682 μέντοι
847 618 1111 684 βραχεῖαν
1149 613 1240 668 καὶ
1279 614 1435 668 θέσει
1474 616 1689 684 μακρὰν
1727 629 1860 668 συν-
1905 634 1925 667 5

165 705 551 766 εκφωνοῦμεν,
591 696 664 759 ὡς
702 697 762 750 τὸ
803 693 893 766 (Ν
908 695 1042 768 452)

315 781 644 831 Δευκαλίων
684 777 749 830 δέ
782 776 836 844 μ’
875 775 1048 831 ἔτικτε
1086 776 1335 831 πολέεσσ’
1374 778 1660 846 ἄνδρεσσι·

161 862 264 914 τὸν
308 859 572 929 τέταρτον
617 860 762 912 πόδα
808 867 1078 927 ποιοῦμεν
1117 860 1438 912 σπονδεῖον·
1486 858 1518 927 ἡ
1559 858 1663 929 γὰρ
1703 860 1857 928 τρίτη

167 943 413 1011 συλλαβὴ
453 948 553 994 τοῦ
592 939 886 994 πολέεσσ’
926 939 1042 993 ἐστὶ
1081 940 1237 993 θέσει
1275 940 1468 1010 μακρά.
1533 940 1727 1008 ὅμοιον
1764 940 1859 993 κά-

163 1031 315 1076 κεῖνο
355 1021 423 1094 (θ
447 1019 578 1092 550)
1882 1040 1925 1072 ιο

317 1102 420 1157 εἴπ’
442 1102 597 1170 ὄνομ’
618 1103 732 1156 ὅττι
758 1117 818 1156 σε
842 1109 991 1156 κεῖθι
1017 1102 1216 1156 κάλεον
1238 1104 1411 1173 μήτηρ
1437 1122 1494 1155 τε
1519 1104 1694 1172 πατήρ
1719 1121 1791 1155 τε.

163 1186 314 1255 παρὰ
377 1185 439 1238 δὲ
485 1183 727 1255 “Ησιόδφ
790 1183 882 1236 καὶ
938 1185 1040 1237 δύο
1097 1187 1543 1254 συνεκφωνήσεις
1595 1184 1860 1246 πολλάκις

165 1268 302 1320 κατὰ
325 1268 424 1320 τὸν
450 1268 639 1335 στίχον
663 1266 1030 1335 εὑρίσκονται,
1056 1267 1129 1328 ὡς
1153 1264 1214 1318 ἐν
1239 1264 1428 1338 ἐκείνω
1455 1264 1710 1336 (Hes.Th.
1725 1263 1858 1335 200)

315 1345 412 1417 ἠδὲ
458 1347 788 1416 Φιλομηδέα,
830 1348 914 1400 ὅτι
953 1346 1172 1415 μηδέων
1211 1345 1542 1415 ἐξεφαάνθη,

164 1428 199 1498 ἢ
240 1428 330 1482 καὶ
371 1428 497 1498 παρ’
531 1426 743 1499 Ὁμήρῳ
783 1429 843 1481 τὸ
885 1428 1079 1495 ὅμοιον
1118 1425 1196 1499 (A
1219 1429 1349 1496 282)
1883 1446 1924 1478 15

317 1512 530 1581 ἄφρεον
569 1510 629 1562 δὲ
670 1513 894 1578 στήθεα,
937 1510 1218 1578 ῥαίνοντο·

164 1592 196 1645 ὁ
235 1592 336 1659 μὲν
382 1593 486 1661 γὰρ
533 1601 748 1662 πρῶτος
790 1593 930 1654 ποὺς
975 1591 1172 1658 ὁμοίαν
1211 1593 1319 1661 ἔχει
1358 1592 1460 1660 τὴν
1501 1592 1857 1660 συνεκφώνη-

165 1688 260 1726 σιν
298 1680 372 1745 τῷ
409 1673 476 1743 (θ
500 1671 631 1743 550)

315 1756 514 1808 κάλεον
551 1756 726 1822 μήτηρ
766 1774 841 1823 τε,

163 1835 195 1889 ὁ
237 1834 295 1888 δὲ
335 1838 517 1906 τρίτος
556 1835 752 1904 ὁμοίαν
791 1843 865 1909 τῷ
900 1835 974 1906 (P
994 1835 1127 1908 461)
1881 1852 1924 1885 20

315 1917 412 1987 ῥέα
451 1916 553 1986 μὲν
591 1919 696 1986 γὰρ
731 1918 1037 1985 φεύγεσκεν
1067 1917 1159 1970 ὑπ’
1193 1917 1251 1971 ἐκ
1285 1918 1488 1987 Τρώων
1520 1917 1856 1986 ὀρυμαγδοῦ.

279 1999 327 2052 9.
377 1997 494 2051 Ὅτι
542 1998 793 2067 διαφέρει
840 1999 872 2067 ἡ
922 2001 1200 2068 συνίζησις
1246 2008 1341 2068 τῆς
1389 2002 1732 2067 συναλοιφῆς
1770 2019 1857 2068 γε-

164 2087 297 2153 νικςῖ
336 2083 539 2152 τρόπῳ,
580 2080 662 2132 ὅτι
701 2081 734 2147 ἡ
775 2082 1106 2149 συναλοιφή,
1145 2081 1216 2143 ὡς
1256 2081 1542 2149 γράφεται,
1581 2081 1672 2133 καὶ
1711 2080 1858 2148 λέγε·
1952 2143 1956 2146 ,

165 2181 280 2229 ται,
331 2161 363 2229 ἡ
406 2158 464 2213 δὲ
514 2163 794 2229 συνίζησις
832 2161 994 2230 <οὐχ,
1042 2162 1114 2224 ὡς
1160 2162 1450 2231 γράφεται,
1498 2162 1588 2214 καὶ
1628 2161 1856 2230 λέγεται,

164 2242 326 2310 dem>
367 2241 427 2295 ἐν
466 2248 539 2314 τῷ
572 2243 789 2309 βαίνειν
827 2241 967 2308 ὁμοῦ
1006 2242 1144 2311 ὑπὲρ
1184 2244 1482 2312 θεραπείας
1514 2250 1613 2295 τοῦ
1652 2242 1856 2312 μέτρου
1881 2257 1922 2290 25

165 2325 263 2386 τὰς
302 2324 404 2376 δύο
454 2324 730 2390 συλλαβὰς
775 2324 911 2376 κατὰ
948 2325 1081 2390 μίαν
1120 2325 1412 2393 προφορὰν
1450 2326 1626 2391 μόνον
1667 2340 1856 2377 συναι-

288 2489 342 2527 26
376 2483 591 2527 Eustath.
626 2484 685 2527 ad
717 2487 759 2527 Α
787 2489 808 2526 1
843 2499 887 2540 p.
917 2488 1058 2536 11‚27
1072 2498 1171 2540 sqq.

291 2616 312 2653 1
347 2610 446 2667 καὶ]
480 2610 558 2652 καὶ
589 2609 640 2652 τὸ
666 2611 712 2653 Ρ
731 2611 746 2665 ΙΙ
770 2614 795 2653 3
829 2609 956 2662 ἄξιαι
982 2610 1062 2665 K}
1092 2607 1352 2666 ἀριθμηταί
1384 2609 1516 2652 codd.
1545 2610 1606 2664 (P
1627 2623 1854 2665 suprascr.

168 2672 231 2725 οι)
255 2671 270 2725 ΙΙ
296 2675 320 2712 5
354 2671 576 2727 βραχεῖαν
608 2669 707 2726 καὶ]
741 2669 820 2711 καὶ
853 2670 1075 2726 βραχεῖαν
1108 2670 1186 2724 ΡΗ
1213 2673 1234 2711 7
1270 2685 1323 2724 με
1354 2666 1476 2712 τίκτε
1508 2670 1587 2724 Pu
1612 2672 1637 2711 9
1669 2669 1770 2726 τοῦ]
1805 2669 1855 2713 τὸ

167 2728 301 2772 codd.
328 2731 342 2784 ΙΙ
369 2734 420 2771 11
457 2724 589 2771 εἶπον
626 2726 763 2771 ὁπότε
795 2728 885 2785 (vel
924 2725 1115 2784 ὁππότε)
1146 2745 1216 2779 τις
1252 2730 1382 2771 κεῖθι
1422 2727 1552 2771 codd.
1579 2730 1592 2782 ΙΙ
1621 2732 1673 2770 12
1707 2727 1856 2783 ἐκφω-

171 2786 324 2841 νήσεις
356 2787 505 2841 codd.‚
538 2788 592 2830 K
619 2800 844 2843 suprascr.
880 2786 1133 2841 συνιζήσεις
1170 2789 1184 2842 l}
1223 2791 1274 2829 13
1306 2786 1390 2830 τὸν
1422 2800 1510 2830 om.
1536 2788 1581 2830 P
1609 2788 1623 2842 ΙΙ
1658 2793 1711 2830 14
1743 2787 1771 2843 ἡ
1806 2787 1856 2831 δὲ

168 2846 304 2889 codd.
359 2848 373 2902 ΙΙ
430 2851 486 2888 20
520 2843 687 2901 ὁμοίαν
720 2845 786 2899 Ε,
833 2844 999 2902 ὁμοίως
1032 2846 1101 2898 Κ,
1146 2843 1303 2902 ’ὅμοιος
1334 2847 1379 2890 Ρ
1431 2847 1445 2901 ΙΙ
1504 2850 1557 2887 22
1600 2848 1858 2902 συναλιφῆς

168 2906 386 2962 (semper)
419 2907 464 2949 P
498 2907 512 2961 ΙΙ
551 2909 605 2947 23
639 2906 699 2955 ὡς
731 2919 817 2948 om.
844 2907 889 2949 P
920 2907 935 2961 11
970 2911 1025 2948 24
1059 2906 1142 2961 οὐχ
1163 2931 1215 2937 -
1236 2910 1289 2948 25
1322 2903 1421 2947 ἀλλ’
1458 2904 1564 2948 add.
1598 2918 1654 2947 ex
1686 2905 1856 2949 schol.¹³

259 2987 522 3019 Hzrmzsmo
547 2987 603 3019 ed.
623 2986 910 3019 Consbruch.
1532 2983 1584 3022 21
