2060 3168
182 1071 223 1102 10

179 1484 220 1516 15

249 182 365 241 210,
701 185 1010 227 ΓΕῼΡΓΙΟΤ
1040 186 1478 228 ΧΟῙΡΟΒΟΣΚΟΤ

373 316 570 371 Ἰστέον
610 315 670 371 δὲ
710 318 794 371 ὅτι
833 319 931 372 τὸν
969 318 1229 387 τέταρτον
1267 322 1498 388 τρόπον,
1551 320 1689 388 λέγω
1731 323 1798 390 δὴ
1838 323 1938 375 τὸν

251 397 483 467 λέγοντα
531 401 632 453 δύο
680 402 934 468 βραχείας
982 401 1059 462 εἰς
1104 403 1237 468 μίαν
1281 403 1545 470 βραχεῖαν
1582 405 1936 472 παραλαμβά-

250 486 473 549 νεσθαι,
529 480 675 549 λέγει
724 480 804 552 (9,
837 479 894 552 6)
950 480 1011 534 ἐν
1063 490 1179 543 τοῖς
1233 483 1419 544 ἄλλοις
1470 481 1689 552 μέτροις
1733 487 1937 553 κυρίως

252 561 624 630 εὑρίσκεσθαι,
665 565 909 624 σπανίως
949 559 1010 614 δὲ
1049 561 1111 614 ἐν
1149 559 1280 616 ἔπει.
1359 556 1481 616 οἷον
1518 566 1665 634 παρὰ
1701 567 1936 636 Σωτάδη

251 641 313 695 ἐν
349 652 412 713 τῇ
456 643 640 695 Ἰλιάδι

326 727 490 777 σείων
527 727 721 792 μελίην
762 725 1018 792 Πηλιάδα
1058 724 1242 787 δεξιὸν
1279 725 1406 778 κατ’
1444 723 1607 793 ὦμον.

251 807 328 867 εἰς
383 806 758 874 ἰθυφαλλικὸν
813 805 880 858 δέ
929 804 1044 858 ἐστι
1090 807 1151 859 τὸ
1203 806 1416 876 μέτρον.
1502 808 1633 876 ὅπερ
1679 817 1936 862 τοιοῦτον

250 889 358 954 ἔχει
412 889 640 956 τρόπον·
696 887 756 939 τὸ
810 896 1031 956 πρῶτον
1077 887 1241 956 μέρος
1292 890 1463 941 αὐτοῦ
1513 891 1739 942 ἰωνικόν
1787 890 1937 943 ἐστιν

250 968 354 1020 ἀπὸ
394 970 665 1036 μείζονος,
704 969 766 1020 τὸ
809 966 868 1021 δὲ
909 972 1138 1038 ἔσχατον
1177 970 1348 1022 αὐτοῦ
1389 969 1568 1040 μέρος,
1610 970 1638 1023 ὃ
1679 969 1936 1040 ἐλέγομεν

251 1051 643 1118 ἰθυφαλλικόν,
676 1048 735 1102 ἐκ
767 1060 937 1124 τριῶν
967 1053 1238 1119 τροχαίων
1269 1061 1561 1120 μετρεῖται·
1596 1053 1770 1116 οὕτως
1800 1055 1936 1106 κατὰ

248 1133 509 1184 διποδίαν

322 1214 487 1266 σείων
525 1216 718 1281 μελίην
757 1214 1013 1281 Πηλιάδα

245 1309 339 1370 τῆς
369 1303 405 1353 ἆ
435 1300 526 1354 καὶ
555 1290 629 1354 δα
661 1304 938 1370 συλλαβῆς
970 1303 1046 1364 εἰς
1085 1305 1217 1371 μίαν
1248 1302 1618 1371 μετρουμένης
1648 1306 1930 1373 βραχεῖαν·

320 1381 503 1445 δεξιὸν
539 1382 667 1435 κατ’
705 1379 856 1452 ὦμον

245 1473 504 1533 τροχαῖοι.
545 1463 948 1535 (ι’θυφαλλικὸν
973 1466 1006 1517 δ
1020 1463 1270 1534 ’ἐκλήθη,
1289 1466 1431 1518 διότι
1457 1468 1533 1528 είς
1557 1467 1621 1519 τὰ
1648 1469 1931 1535 φαλλαγώ-

245 1564 336 1611 για
361 1543 422 1597 ἐν
445 1553 509 1614 τῇ
536 1545 694 1616 ἑορτῇ
720 1553 818 1598 τοῦ
845 1547 1130 1599 Διονύσου
1166 1547 1310 1618 αὐτῷ
1339 1546 1677 1619 ἐχρήσαντο).
1705 1580 1772 1586 —
1800 1542 1931 1614 εἶτα,

244 1624 430 1695 ἐπειδὴ
477 1624 629 1695 ἔλεγε
675 1635 838 1680 τοῦτο
886 1622 1029 1680 εἶναι
1075 1628 1311 1680 σπάνιον
1349 1627 1410 1680 ἐν
1450 1631 1640 1700 στίχῳ,
1688 1630 1831 1696 ὅμως
1871 1627 1932 1683 δὲ

246 1707 542 1776 εὑρῆσθαι,
613 1707 702 1761 καὶ
766 1708 991 1776 ἀγνοεῖν
1050 1717 1213 1762 τοῦτο
1277 1710 1374 1762 τὸν
1435 1713 1671 1778 Κριτίαν
1732 1709 1930 1782 (Heph.

245 1807 293 1857 p.
321 1788 458 1857 9,1Ο
477 1787 629 1859 sqq),
671 1790 754 1843 ὅτι
795 1791 1038 1842 δυνατόν
1076 1789 1191 1843 ἐστι
1232 1791 1336 1843 δύο
1378 1793 1654 1858 συλλαβὰς
1692 1794 1770 1854 είς
1799 1797 1934 1860 μιάν

178 1892 197 1923 2
245 1873 506 1939 βραχεῖαν
546 1868 1012 1940 παραλαμβάνειν,
1054 1869 1333 1942 (ἐνόμισεν
1373 1873 1613 1940 εὐλόγως
1651 1874 1722 1940 μὴ
1764 1874 1931 1926 δύνα-

244 1957 378 2003 σθαι
417 1953 477 2004 τὸ
516 1960 616 2004 τοῦ
648 1951 992 2021 Ἀλκιβιάδου
1032 1955 1207 2021 ὄνομα
1245 1958 1431 2006 θεῖναι
1465 1952 1525 2006 ἐν
1556 1957 1720 2025 στίχῳ
1752 1953 1785 2022 ἢ
1819 1954 1931 2007 ἐλε-

243 2034 372 2104 γείῳ
427 2032 518 2085 καὶ
575 2034 667 2085 διὰ
719 2041 882 2086 τοῦτο
938 2034 1059 2086 ἀντὶ
1113 2033 1356 2102 ἐλεγείου
1408 2033 1664 2103 ἐποίησεν
1713 2037 1932 2104 ἴαμβον,

363 2197 415 2235 13
458 2193 621 2236 eadem
660 2207 878 2248 perversa
918 2194 1132 2238 doctrina
1171 2197 1242 2238 est
1279 2195 1327 2237 in
1361 2195 1535 2239 soh01.A
1562 2199 1756 2250 108‚10‚
1799 2198 1930 2239 recha

243 2250 387 2294 habeb
418 2252 630 2295 Eustath.
666 2253 727 2295 ad
757 2258 797 2295 A
826 2258 846 2295 1
881 2268 925 2309 p.
952 2258 1024 2309 40,
1042 2257 1098 2296 40
1116 2268 1214 2309 sqq.

363 2389 445 2458 Ι1-
450 2389 474 2427 2
500 2385 580 2428 τὸν
604 2384 815 2457 λέγοντα]
840 2386 891 2429 τὸ
915 2387 984 2443 UH
1003 2391 1028 2429 3
1054 2384 1224 2441 κυρίως
1247 2402 1335 2430 om.
1349 2388 1422 2443 Ul}
1448 2391 1474 2428 4
1497 2388 1602 2443 post
1628 2387 1726 2431 ἔπει
1751 2388 1856 2431 add.
1877 2388 1935 2431 Κ

241 2441 476 2486 τουτέστιν
502 2444 550 2487 ἐν
576 2443 802 2502 στοιχείω·
837 2445 893 2488 cf
915 2450 968 2488 17
997 2448 1002 2502 Ι
1032 2442 1133 2489 οἷον
1158 2462 1204 2489 π.
1232 2460 1317 2489 om
1342 2446 1417 2518 Ull
1442 2451 1466 2489 5
1499 2453 1553 2503 τῇ
1587 2460 1672 2488 om.
1700 2447 1786 2503 ΚΙΙ
1813 2451 1834 2488 7
1862 2447 1926 2496 εἰς

243 2501 388 2555 Stud„
415 2499 480 2552 εἷς
503 2504 553 2556 U,
579 2504 639 2554 ὡς
656 2505 729 2552 K
753 2504 1136 2558 ἰθυφαλλικὸν-
1151 2509 1175 2547 8
1203 2505 1364 2563 ἔχει]γ
1410 2521 1458 2548 εν
1485 2505 1728 2560 φαλλικὸν
1757 2505 1848 2548 ἐστι
1873 2505 1924 2548 δὲ

241 2561 291 2603 τὸ
325 2561 543 2613 δεύτερον
574 2556 785 2605 τοιοῦτον
816 2561 989 2617 τρόπον
1023 2563 1126 2621 ἔχον
1161 2565 1234 2620 UH
1259 2567 1284 2606 8
1319 2523 1472 2621 μέρος]
1502 2562 1666 2619 μέτρον
1692 2565 1772 2620 ΚΙ
1803 2564 1924 2608 ἐστιν

243 2633 329 2663 om.
357 2621 399 2664 U
418 2622 431 2675 ΙΙ
457 2625 480 2662 9
516 2620 651 2676 μέρος
682 2622 826 2664 αυτοῦ
859 2623 930 2679 ΠΙ
958 2621 1146 2679 λέγομεν
1179 2623 1233 2666 K
1251 2625 1264 2679 ΙΙ
1291 2627 1343 2666 12
1368 2625 1477 2678 post
1500 2622 1716 2678 Πηλιάδα
1749 2623 1854 2666 add.
1875 2623 1930 2666 K

242 2694 394 2745 δεξιὸν
427 2692 531 2737 κατ’
557 2690 683 2750 ὦμον
706 2697 720 2751 ΙΙ
747 2700 799 2738 13
833 2695 1145 2770 μετρουμένην
1180 2697 1253 2752 UH
1280 2701 1334 2738 14
1368 2696 1464 2748 δεξι
1491 2703 1705 2752 τροχαῖος
1729 2697 1791 2747 Κ
1826 2697 1923 2749 δεξι

242 2749 294 2794 ὃν
326 2770 444 2795 κατα
476 2770 691 2811 τροχαιος
721 2762 739 2797 ἰ’
777 2756 782 2810 Ι
821 2753 863 2797 τ’
893 2751 1017 2810 ὦμον
1029 2762 1261 2827 τροχαῖος
1291 2756 1339 2797 in
1371 2755 1599 2799 linearum
1631 2755 1828 2798 confinio
1828 2757 1920 2858 K3U

240 2810 268 2853 i.
297 2825 333 2853 e.
364 2812 460 2863 δεξι
490 2820 719 2869 τροχαῖος,
752 2829 805 2856 ον
839 2831 877 2856 κ.
903 2830 984 2868 τρ.,
1017 2808 1097 2868 ὦμ.
1124 2831 1189 2869 τρ.
1226 2817 1241 2870 ΙΙ
1275 2819 1328 2857 15
1362 2814 1427 2864 εἰς
1455 2813 1564 2863 τοὺς
1595 2814 1882 2868 φαλλοὺςΚ
1909 2817 1927 2870 ΙΙ

243 2874 296 2912 16
331 2869 379 2912 ἐν
410 2887 464 2925 τη
498 2885 584 2914 om.
612 2872 687 2927 Ul!
713 2876 765 2914 21
800 2879 880 2916 τοῦ
915 2887 1000 2916 om.
1027 2874 1096 2928 Ul
1126 2872 1273 2928 ὄνομα
1305 2872 1365 2928 μὴ
1388 2875 1548 2916 θεῖναι
1576 2870 1687 2927 ΠΙ
1673 2871 1700 2927 ἠ
1733 2873 1799 2923 εἰς
1831 2873 1924 2916 ἐλε-

241 2936 367 2984 γεῖον
403 2930 471 2986 ΠΙ
499 2932 605 2985 post
637 2929 814 2987 ἐλεγείω
847 2931 954 2974 add.
981 2935 1026 2974 K
1054 2929 1082 2987 ἢ
1115 2931 1232 2990 ἄλλῳ
1257 2933 1271 2988 ΙΙ
1297 2936 1350 2974 22
1385 2930 1463 2974 διὰ
1494 2938 1628 2975 τοῦτο
1661 2945 1748 2974 om
1785 2933 1829 2976 U

1965 1316 2022 1355 56
