2090 3158
617 188 672 228 X.
707 187 852 227 ΠΕΡΙ
881 185 1398 228 ΑΝΤΙΣΠΑΣΤΙΚΟΤ.
1790 185 1857 238 31

87 328 143 367 32
175 328 339 373 τοῦτο
392 317 454 373 δὲ
498 321 587 373 καὶ
635 320 1018 385 ἀλαζονεύεται
1072 319 1362 389 εὑρηκέναι
1415 322 1642 382 Φίλικος
1690 319 1868 388 λέγων

395 402 778 471 καινογράφου
827 401 1145 464 συνθέσεως
1189 409 1285 469 τῆς
1329 403 1580 470 Φιλίκου,
1619 421 1865 470 γραμμα-

948 484 1106 552 τικοί,
1148 483 1300 552 δῶρα
1338 483 1489 552 φέρω
1528 484 1664 553 πρὸς
1701 483 1865 551 ὑμᾶς·

170 565 430 627 ψεύδεται
470 563 552 617 δέ·
598 566 704 635 πρὸ
751 566 855 635 γὰρ
904 565 1077 617 αὐτοῦ
1119 566 1359 631 Σιμμίας
1405 562 1671 627 ὁ·Ῥόδιος
1710 564 1865 634 ἐχρή-

172 661 304 698 σατο
343 643 406 698 ἔν
446 665 503 698 τε
542 651 619 718 τῷ
661 645 890 700 Πελέκει
1890 669 1909 702 5

403 727 703 798 Ἀνδροθέᾳ
736 729 920 798 δῶρον
944 727 972 781 ὁ
1002 730 1227 790 Φωκεὺς
1251 735 1516 797 κρατερᾶς
1545 728 1864 796 μηδοσύνας

354 828 357 830 ·
1289 806 1395 878 ἦρα
1434 811 1603 862 τίνων
1635 807 1863 880 Ἀθάνᾳ,

168 890 272 944 κάν
309 899 428 954 ταῖς
467 891 745 961 Πτέρυξιν

392 974 647 1026 λεύσσετε
691 974 790 1026 τὸν
836 981 935 1040 γᾶς
978 992 1037 1025 τε
1081 971 1472 1041 βαθυστέρνου
1520 970 1704 1025 ἄνακτ’
1749 971 1864 1026 Ἀκ-

891 1056 1131 1123 μονίδαν
1168 1052 1213 1106 τ’
1261 1055 1490 1116 ἄλλυδις
1529 1051 1861 1122 ἑδράσαντα,
1888 1076 1930 1109 ιο

167 1139 310 1205 πλὴν
350 1138 402 1189 εἰ
436 1138 508 1205 μὴ
549 1138 654 1205 ἄρα
694 1135 721 1189 ὁ
767 1139 994 1198 Φίλικος
1033 1137 1134 1205 οὐχ
1174 1136 1247 1198 ὡς
1278 1143 1492 1204 πρῶτος
1527 1135 1770 1204 εὑρηκὼς
1802 1137 1861 1188 τὸ

35 1220 132 1279 [59]
166 1217 368 1287 μέτρον
407 1217 569 1287 λέγει,
609 1216 724 1271 ἀλλ’
773 1219 846 1280 ὡς
884 1227 1100 1287 πρῶτος
1137 1218 1314 1289 τούτῳ
1354 1223 1428 1289 τῷ
1455 1216 1633 1288 μέτρῳ
1664 1218 1730 1269 τὰ
1762 1217 1863 1270 ὅλα

166 1302 442 1368 ποιήματα
482 1300 709 1368 γράψας.

976 1491 1039 1544 Χ.

636 1611 798 1679 Περὶ
839 1610 1390 1663 ἀντισπαστικοῦ.
1885 1631 1929 1664 15

277 1730 359 1797 (1)
391 1730 461 1781 Τὸ
488 1728 916 1782 ἀντισπαστικὸν
940 1730 1040 1798 τὴν
1070 1729 1172 1796 μὲν
1202 1730 1426 1798 πρώτην
1459 1730 1726 1797 συζυγίαν
1750 1726 1859 1798 ἔχει

164 1809 505 1879 τρεπομένην
555 1812 690 1863 κατὰ
736 1811 833 1863 τὸν
879 1813 1154 1880 πρότερον
1198 1812 1345 1864 πόδα
1391 1811 1468 1872 εἰς
1518 1811 1584 1862 τὰ
1622 1809 1860 1879 τέσσαρα

164 1899 263 1944 τοῦ
320 1893 659 1958 δισυλλάβου
716 1892 983 1961 σχήματα,
1041 1894 1135 1955 τὰς
1190 1890 1238 1944 δ’
1296 1891 1356 1944 ἐν
1405 1891 1551 1963 μέσῳ
1606 1893 1858 1961 καθαρὰς

165 1972 612 2042 ἀντισπαστικάς,
652 1974 754 2042 τὴν
794 1970 855 2026 δὲ
893 1975 1236 2042 τελευταίαν,
1276 1973 1440 2027 ὁπότε
1480 1972 1629 2026 ἐστὶν
1668 1972 1860 2025 ἀκατά-

166 2058 382 2123 ληκτον,
424 2057 697 2123 ἰαμβικήν.
754 2053 883 2108 Ἐὰν
916 2053 976 2108 δὲ
1010 2055 1373 2124 ἀναμίσγηται
1405 2064 1523 2116 ταῖς
1563 2057 1855 2123 ἰαμβικαῐς,
1883 2076 1927 2108 20

285 2249 338 2287 16
378 2244 492 2288 Mar.
526 2244 646 2288 Viet.
673 2244 735 2287 VI
761 2250 838 2296 88,
871 2251 1014 2301 4sqq.
1065 2245 1227 2302 (Iuba).
1291 2246 1365 2288 At.
1407 2245 1529 2288 Fort.
1558 2244 1619 2287 VI
1645 2248 1751 2298 288,
1789 2249 1854 2288 18.

163 2303 276 2346 Mar.
309 2303 427 2347 Plot.
454 2304 518 2347 Vl
542 2308 643 2359 537,
672 2309 739 2347 16.
796 2304 946 2348 Diom.
974 2305 996 2347 Ι
1021 2309 1127 2358 505,
1156 2309 1209 2348 13
1265 2306 1279 2360 Η
1337 2309 1510 2361 16—p.
1539 2309 1609 2359 32,
1635 2308 1661 2346 4
1701 2304 1855 2347 Tract.

162 2362 287 2406 Harl.
322 2362 470 2419 (Dem.
505 2363 662 2420 Tricl.)
693 2379 736 2420 p.
765 2368 834 2417 23,
871 2369 1042 2407 17—-21

284 2531 303 2567 1
340 2524 536 2582 φίληκος
567 2528 631 2582 ΙΗ
656 2530 680 2568 2
712 2525 1039 2582 καινογράφου
1071 2526 1343 2580 Blomfield3
1375 2526 1502 2570 idem
1534 2526 1650 2569 coni.
1684 2524 1853 2568 Kaibel

163 2583 331 2640 Oxyrh.
365 2598 471 2641 pap.
498 2585 539 2628 II
570 2601 613 2642 p.
641 2590 711 2639 45,
746 2585 829 2628 col.
848 2585 953 2638 VH,
1001 2593 1356 2642 καινογραφοῦσ
1387 2585 1518 2629 codd.
1582 2587 1588 2640 1
1654 2582 1853 2639 φιλήκου

161 2644 405 2700 (suprascr.
433 2644 491 2687 ab
519 2643 579 2687 I':
607 2646 640 2700 ι)
666 2646 730 2700 ΙΙΙ
756 2649 782 2686 4
807 2645 886 2687 καὶ
910 2643 998 2701 γὰρ
1022 2645 1114 2699 πρὸ
1140 2647 1204 2701 ΙΙΙ
1229 2650 1254 2688 5
1279 2660 1326 2688 τε
1351 2658 1438 2687 0111.
1467 2645 1515 2687 D
1542 2645 1548 2699 1
1576 2643 1762 2687 πελύκει
1789 2644 1852 2685 Ι

162 2706 187 2744 9
212 2703 418 2746 λεύσσετε
444 2702 597 2757 Turn„
631 2703 808 2747 λεύσετε
841 2703 989 2757 codd.,
1021 2703 1178 2748 λεῦσσέ
1213 2720 1266 2759 με
1291 2704 1430 2747 Anth.
1456 2701 1554 2746 Pal.
1580 2702 1663 2745 XV
1682 2707 1758 2754 24;
1794 2702 1850 2746 cf.

160 2761 432 2805 Haeberlin:
475 2761 623 2805 Carm.
657 2763 733 2818 fig.
768 2762 843 2805 Gr.
875 2778 919 2818 p.
947 2767 1002 2807 69
1031 2765 1036 2819 Ι
1065 2762 1389 2821 βαθυστέρνου
1425 2763 1495 2817 Η,
1529 2762 1851 2819 βαθύστερνον

159 2819 258 2864 rell.
284 2823 298 2877 ΙΙ
325 2825 379 2863 10
410 2819 452 2864 τ’
490 2820 652 2872 ἄλυδις
676 2823 768 2866 DI
773 2858 783 2876 ,
817 2821 1002 2872 ἄλλυδις
1033 2823 1078 2866 Α
1106 2824 1111 2877 1
1141 2821 1403 2878 ἑδράσαντα
1429 2823 1491 2876 D,
1525 2819 1766 2876 δράσαντα
1792 2822 1850 2870 A,

162 2879 418 2934 ἐδράσαντο
453 2882 486 2923 Ι
501 2880 515 2937 ΙΙ
543 2885 596 2923 12
627 2894 686 2924 an
719 2880 776 2924 τὰ
809 2880 1087 2925 delendum?
1111 2883 1125 2937 ΙΙ
1153 2886 1206 2925 15
1239 2882 1346 2935 περὶ
1377 2887 1459 2924 τοῦ
1485 2881 1850 2923 ἀντισπαστικοῦ

161 2937 326 2994 μέτρου
361 2941 391 2982 Ι
418 2942 431 2995 ΙΙ
465 2943 519 2982 16
551 2939 603 2982 τὸ
637 2938 687 2983 δὲ
720 2939 913 2984 Choer.U
