2060 3168
477 163 513 204 1.
538 163 583 203 Π
614 162 758 203 ΠΕΡΙ
787 162 913 204 ΤΟΤ
944 162 1245 203 ΙΑΜΒΙΚΟΤ
1275 161 1522 203 ΜΕΤΡΟΤ
1735 159 1842 212 309

197 295 246 348 8.
284 297 581 365 χορίαμβος
613 295 671 348 ἐκ
706 307 913 364 μακρᾶς
945 342 972 349 ..
1003 294 1093 349 καὶ
1127 296 1230 349 δύο
1262 298 1535 365 βραχειῶν
1565 316 1594 347 ῠ
1624 294 1714 347 καὶ
1746 314 1845 363 μα-

306 385 440 445 κρᾶς
470 423 498 430 -
533 375 839 446 ἑξάχρονος,
879 370 1002 430 οἷον
1039 377 1360 446 Εὐφορίων.

197 458 244 510 9.
285 457 651 521 ἀντίσπαστος
698 458 757 512 ἐκ
803 460 1060 528 βραχείας
1088 488 1120 511 υ
1150 459 1239 511 καὶ
1291 459 1394 510 δύο
1441 467 1666 527 μακρῶν
1695 482 1725 501 =
1755 456 1845 510 καὶ

308 541 564 608 βραχείας
594 571 625 592 υ
656 539 963 609 ἑξάχρονος,
1004 531 1126 593 οἷον
1164 538 1526 609 Ἀλέξανδρος.

162 619 244 673 10.
286 621 541 690 διίάμβος
577 621 636 674 ἐκ
666 623 922 690 βραχείας
943 651 974 673 υ
995 621 1086 674 καὶ
1125 629 1334 690 μακρᾶς
1357 667 1384 674 -
1408 619 1499 673 καὶ
1530 621 1787 689 βραχείας
1815 651 1846 672 υ
1891 639 1910 672 5

306 703 396 754 καὶ
434 711 644 771 μακρᾶς
673 749 700 756 ..
734 701 1043 772 ἑξάχρονος,
1087 694 1209 755 οἷον
1247 701 1563 771 Ἀνακρέων.

162 783 243 835 11.
285 784 596 852 διτρόχαιος
635 783 693 836 ἐκ
732 792 942 852 μακρᾶς
972 830 999 837 ..
1031 782 1122 836 καὶ
1161 785 1418 853 βραχείας
1447 813 1478 835 υ
1508 780 1598 835 καὶ
1637 790 1847 851 μακρᾶς

306 911 334 917 -
365 866 456 917 καὶ
495 867 752 934 βραχείας
781 896 812 917 υ
844 863 1150 934 ἑξάχρονος,
1190 858 1312 917 οἷον
1351 863 1686 934 Ἀρχέδημος.

161 946 243 998 12.
284 945 557 1013 ἐπίτριτος
595 955 808 1016 πρῶτος
848 945 906 999 ἐκ
947 948 1203 1015 βραχείας
1233 947 1321 998 καὶ
1360 954 1588 1015 μακρῶν
1618 954 1788 1014 τριῶν
1817 960 1848 996 Ξ

308 1026 655 1097 ἑπτάχρονος,
697 1020 820 1080 οἷον
858 1026 1201 1096 Ἀριστείδης.
1871 1047 1913 1079 10

161 1109 243 1161 13.
284 1108 557 1178 ἐπίτριτος
597 1110 853 1177 δεύτερος
892 1108 950 1162 ἐκ
988 1117 1197 1178 μακρᾶς
1229 1155 1255 1161 -
1288 1109 1377 1161 καὶ
1409 1110 1666 1178 βραχείας
1696 1138 1726 1160 υ
1757 1107 1848 1160 καὶ

307 1192 410 1244 δύο
450 1201 675 1260 μακρῶν
705 1215 735 1234 z
767 1189 1115 1259 ἑπτάχρονος,
1159 1182 1280 1243 οἷον
1320 1191 1669 1260 Εὐρυμήδης.

162 1272 244 1324 14.
287 1273 559 1341 ἐπίτριτος
605 1273 787 1340 τρίτος
834 1270 892 1325 ἐκ
940 1272 1042 1324 δύο
1090 1281 1314 1340 μακρῶν
1342 1296 1373 1316 =
1403 1271 1492 1324 καὶ
1534 1272 1789 1339 βραχείας
1818 1300 1850 1323 υ

307 1355 394 1406 καὶ
434 1363 644 1421 μακρᾶς
676 1400 702 1406 -
737 1351 1084 1422 ἑπτάχρονος,
1126 1345 1247 1405 οἷον
1284 1351 1669 1420 Λημοσθένης.

162 1434 245 1488 15.
286 1435 558 1504 ἐπίτριτος
606 1433 862 1503 τέταρτος
911 1433 969 1486 ἐκ
1027 1444 1196 1504 τριῶν
1249 1443 1473 1500 μακρῶν
1510 1451 1541 1484 Ξ
1578 1431 1668 1486 καὶ
1717 1435 1848 1502 βρα-
1874 1453 1914 1486 15

309 1519 456 1585 χειάς
485 1547 516 1568 υ
548 1514 898 1583 ἑπτάχρονος,
939 1508 1060 1568 οἷον
1099 1515 1471 1579 Καλλίξεινος.

164 1597 245 1650 16.
288 1598 639 1659 δισπόνδειος
689 1595 746 1648 ἐκ
798 1597 1079 1665 τεσσάρων
1124 1606 1348 1666 μακρῶν
1379 1621 1409 1641 z
1438 1619 1468 1640 z
1500 1596 1848 1666 ὀκτάχρονος,

308 1672 430 1732 οἷον
462 1677 837 1746 ξΗρακλείδης.

897 1840 1022 1909 Cap.
1047 1782 1114 1893 fl

237 1940 448 1999 Ἐγράφη
482 1943 532 1987 ἐκ
563 1945 766 1986 παλαιοῦ
798 1940 978 2000 βιβλίου
1011 1940 1303 1999 περιέχοντος
1335 1941 1416 1998 τὴν
1449 1940 1770 1999 γραμματικὴν
1874 1957 1916 1988 20

869 2013 1136 2061 Διονυσίου.

530 2122 693 2192 Περὶ
733 2130 847 2174 τοῦ
891 2123 1198 2190 ἰαμβικοῦ
1238 2121 1495 2191 μέτρου.

276 2228 318 2278 1.
391 2228 463 2280 Τὸ
521 2227 777 2294 ἰαμβικὸν
830 2225 1031 2293 μέτρον
1084 2223 1199 2278 ἔστι
1255 2222 1357 2294 μὲν
1412 2223 1706 2294 ἑξάμετρον
1759 2225 1850 2277 καὶ

160 2308 321 2375 αὐτό,
378 2309 671 2376 διαιρεῖται
717 2308 850 2376 <ὁὲ>
897 2309 975 2369 εἰς
1030 2307 1149 2360 δύο.
1241 2307 1312 2359 Τὸ
1367 2303 1469 2373 μὲν
1515 2307 1620 2375 γὰρ
1677 2305 1850 2358 αὐτοῦ

280 2444 336 2482 20
377 2439 437 2482 ad
475 2439 564 2481 hoc
605 2451 704 2494 cap.
739 2438 846 2493 (AV
873 2440 974 2494 153)
1009 2437 1065 2481 of.
1098 2437 1327 2494 imprimis
1361 2437 1531 2480 schol.¹³
1559 2451 1603 2493 p.
1630 2439 1849 2491 280-82,

162 2511 269 2554 app.
301 2498 418 2541 rhet.
450 2513 494 2554 p.
523 2502 623 2550 342,
657 2496 896 2553 Ps.Heph.
931 2502 955 2550 ξ
983 2501 1007 2539 6
1042 2498 1089 2540 et
1118 2511 1163 2552 p.
1193 2502 1289 2540 105.
1334 2497 1418 2539 An.
1447 2495 1569 2540 Chis.
1595 2501 1618 2548 ς’
1643 2501 1684 2539 4.
1724 2495 1850 2538 idem

161 2557 211 2600 in
245 2557 493 2613 permultis
526 2557 657 2600 codd.
692 2557 833 2609 Πιθεὺς
873 2556 1068 2599 Tzetzae
1106 2569 1227 2600 nom.
1261 2556 1468 2613 insignit.
1503 2555 1549 2597 in
1585 2555 1684 2597 cod.
1710 2554 1848 2597 Vind.

162 2615 321 2660 Thool.
349 2630 500 2673 graec.
530 2620 612 2658 287
648 2615 726 2659 fol.
753 2619 808 2659 28
833 2617 847 2671 Η
873 2619 1047 2658 23-24
1078 2615 1159 2658 καὶ
1184 2614 1318 2673 αὐτὸ]
1352 2614 1407 2658 cf.
1435 2629 1540 2671 app.
1566 2613 1632 2656 rh.
1661 2617 1761 2668 342,
1782 2618 1849 2667 13,

161 2675 244 2719 ubi
274 2676 515 2731 praecedit
547 2674 854 2730 dactylicum3
887 2674 1014 2717 LdM
1044 2689 1089 2730 p.
1118 2679 1171 2717 12

281 2799 308 2836 4
334 2790 435 2837 οἷον
452 2792 674 2849 ἀήττητος
690 2792 925 2847 Ps.Heph.
942 2792 958 2851 [Ι
975 2795 1001 2834 8
1026 2792 1286 2850 ἆρχεμηδος
1309 2792 1362 2834 Μ
1383 2794 1397 2847 Η
1422 2796 1477 2833 20
1502 2791 1603 2834 init.
1625 2794 1851 2844 309,2Ο-

166 2856 266 2905 310,
285 2857 340 2895 22
366 2866 421 2896 ex
445 2853 544 2896 cod.
565 2851 774 2895 Saibant.
792 2851 939 2898 ‹Bod1.
959 2852 1091 2894 Auot.
1110 2851 1148 2894 Τ
1168 2850 1231 2894 IV
1249 2856 1295 2904 93
1330 2850 1385 2894 cf.
1404 2850 1535 2893 MRh
1553 2855 1622 2903 36,
1638 2855 1720 2893 282
1733 2853 1851 2905 sqq.)

165 2910 306 2966 edidi,
338 2911 520 2966 reliqua
551 2925 650 2967 cap.
677 2910 822 2953 II—V
854 2924 908 2953 ex
941 2911 986 2954 P
1013 2910 1241 2966 (Parisino
1276 2915 1411 2962 28813
1444 2909 1534 2952 AV
1561 2911 1660 2964 153)
