2060 3168
0 170 17 202 ι’
656 161 701 201 11
739 161 883 202 ΠΕΡΙ
913 161 1264 203 ΤΡΟΧΑΙΚΟΤ
1703 160 1808 213 371

123 298 229 346 ροῦ,
263 288 375 346 φέρε
407 291 578 345 εἰπεῖν,
610 289 722 348 μίαν
755 291 983 350 συλλαβὴν
1014 292 1097 349 τὴν
1129 292 1338 347 πρώτην,
1370 293 1620 350 τροχαϊκὸν
1650 294 1702 338 τὸ
1734 291 1811 350 μέ-

122 373 232 412 τρον
263 356 554 409 ἀποτελέσεις
583 356 825 414 τρίμετρον
856 356 1208 415 καταληκτικόν,
1240 355 1343 403 οἷον
1373 358 1424 402 τὸ

389 424 449 480 μὴ
484 427 725 480 φθαρεῖσα
757 425 836 468 καὶ
868 432 1064 469 τεκοῦσα
1095 423 1350 480 παρθένος.

121 491 198 534 καὶ
240 491 281 534 εἰ
319 490 438 534 κατὰ
477 491 562 547 τὴν
584 487 751 548 ’ἀρχὴν
783 499 865 535 τοῦ
906 491 1123 550 ἰαμβικοῦ
1154 490 1394 547 τριμέτρου
1426 495 1646 547 καθαροῦ
1678 492 1812 543 ὄντος

120 554 232 613 μίαν
264 557 448 613 μακρὰν
479 556 739 611 προσθήσει
770 574 839 609 τις
871 557 1116 616 συλλαβήν,
1147 558 1403 615 τροχαῖκὸν-
1426 557 1570 602 πάλιν
1594 558 1809 604 ἀποτελέ-
1857 569 1877 602 5

119 638 188 668 σει
228 623 356 667 αὐτό.
419 621 590 680 ὁμοίως
628 623 679 669 δὲ
722 624 803 668 καὶ
835 628 896 682 τῷ
935 628 1167 684 τροχαϊκῷ
1205 628 1405 685 καθαρῷ
1444 623 1555 682 μίαν
1586 627 1812 680 προσθεὶς

119 690 348 749 συλλαβὴν
379 688 485 734 κατ’
513 690 659 748 ἀρχὰς
689 689 717 746 ἢ
751 690 1034 746 ἀφαιρήσας,
1067 691 1284 750 ἰαμβικὸν
1317 690 1367 735 ἐκ
1398 699 1648 748 τροχαϊκοῦ
1673 699 1808 736 τοῦτο

117 755 322 811 ποιήσει·
357 755 507 811 ὥσπερ
540 757 620 800 καὶ
653 757 704 800 τὸ

384 820 595 881 βασίλεια
626 821 870 874 καλλίπαις

117 889 196 932 καὶ
229 888 344 946 ἑξῆς.
408 888 520 933 ὥστε
553 889 823 934 ἀκόλουθόν
857 891 952 935 ἐστι
982 890 1095 947 μετὰ
1119 891 1170 935 τὸ
1195 892 1301 947 περὶ
1327 891 1544 950 ἰαμβικοῦ
1570 892 1810 949 διαλαβεῖν
1834 902 1876 934 10

118 955 194 1000 ἐπὶ
225 955 276 999 τὸ
309 955 572 1006 ἀντιπαθὲς
603 957 726 1014 αὐτῷ
759 954 904 1012 ἥκειν,
937 957 1115 1014 δηλαδὴ
1147 957 1198 1002 τὸ
1227 955 1490 1015 τροχαϊκόν.
1554 958 1634 1001 καὶ
1666 957 1811 1008 ἄλλως

118 1021 206 1079 γὰρ
245 1022 303 1066 τὰ
343 1022 534 1067 ἐναντία
564 1030 618 1082 τῇ
655 1031 747 1067 τῶν
779 1021 1004 1066 ἐναντίων
1036 1021 1316 1085 διδασκαλίᾳ
1347 1027 1517 1080 μᾶλλον
1549 1022 1809 1082 ἀκριβέστε-

39 1089 84 1145 2)
117 1105 202 1142 ρον
241 1096 578 1143 παριστῶνται,
619 1090 680 1140 ὡς
717 1089 768 1133 τὸ
808 1089 973 1134 λευκὸν
1011 1097 1065 1148 τῇ
1106 1098 1188 1134 τοῦ
1221 1089 1416 1146 μέλανος
1446 1091 1528 1134 καὶ
1559 1089 1808 1135 ἀνάπαλιν.

234 1153 513 1212 Ὠνόμασται
554 1157 603 1201 δὲ
646 1156 765 1200 οὕτω
805 1164 1072 1214 τροχαῖος
1111 1156 1134 1200 ὁ
1177 1157 1227 1201 ἐκ
1269 1164 1451 1214 μακρᾶς
1481 1157 1560 1201 καὶ
1593 1155 1811 1214 βραχείας

119 1224 346 1280 συλλαβῆς
377 1221 674 1280 συγκείμενος
704 1223 837 1277 πούς,
871 1220 939 1266 ὅτι
970 1222 1195 1280 τροχαίαν
1225 1224 1306 1268 καὶ
1338 1221 1440 1268 οἷον
1473 1222 1810 1281 διατρέχουσαν
1834 1233 1876 1267 15

114 1287 165 1332 ἐν
196 1295 251 1347 τῇ
285 1297 546 1348 κατασκευῇ
579 1290 664 1346 τὴν
697 1287 1020 1346 ῥυθμοποιίαν
1053 1290 1160 1347 ἔχει,
1194 1291 1273 1336 διὰ
1304 1291 1355 1335 τὸ
1382 1288 1637 1348 ἐπιτρέχειν
1663 1290 1808 1335 οἱονεὶ

112 1361 167 1412 τῇ
206 1359 361 1417 μακρᾷ
401 1357 476 1400 ἀεὶ
515 1356 599 1413 τὴν
640 1358 876 1415 βραχεῖαν.
934 1354 984 1400 Ὁ
1024 1357 1164 1408 αὐτὸς
1203 1355 1251 1402 δ’
1289 1354 1424 1409 οὗτος
1464 1357 1546 1401 καὶ
1584 1365 1809 1414 χορεῖος

112 1424 335 1476 καλεῖται,
369 1420 436 1466 ὄτι
467 1423 525 1467 τὰ
558 1423 607 1467 ἐν
639 1430 736 1474 τοῖς
767 1430 924 1481 χοροῖς
954 1421 1062 1479 μέλη
1095 1431 1186 1469 τῶν
1210 1427 1423 1468 παλαιῶν
1448 1425 1807 1479 δραματοποιῶν

113 1487 164 1532 ἐκ
195 1496 454 1546 τροχαῖκῶν
487 1490 549 1541 ὡς
578 1489 635 1534 τὰ
667 1489 813 1533 πολλὰ
845 1488 1022 1546 μέτρων
1055 1488 1364 1535 συντέθειται.

233 1553 426 1612 Δέχεται
459 1555 511 1601 δὲ
535 1556 585 1600 τὸ
612 1555 861 1613 τροχαϊκὸν
894 1554 1058 1612 μέτρον
1084 1556 1134 1600 ἐν
1158 1557 1240 1613 μὲν
1272 1563 1374 1607 ταῖς
1404 1551 1589 1610 ἀρτίαις
1619 1555 1805 1612 χώραις,
1832 1568 1874 1600 20

110 1622 317 1666 τουτέστι
371 1621 564 1684 δευτέρᾳ
612 1623 804 1682 τετάρτῃ
854 1621 960 1682 ἕκτῃ
1015 1624 1095 1667 καὶ
1145 1621 1310 1681 ὀγδόῃ,
1366 1619 1438 1665 ὅτε
1486 1620 1808 1678 ἀκατάληκτον

111 1688 415 1746 τετράμετρον
447 1687 724 1745 εὑρίσκεται,
755 1690 862 1740 τοὺς
891 1689 1030 1734 πέντε
1061 1690 1256 1740 τούτους
1286 1687 1439 1739 πόδας
1471 1725 1495 1730 -
1513 1709 1543 1730 υ
1573 1694 1808 1744 τροχαῖον,

109 1777 229 1799 uuo
258 1754 525 1813 τρίβραχυν,
557 1757 638 1800 τὸν
671 1756 751 1800 καὶ
782 1763 984 1813 χορεῖον,
1017 1794 1042 1800 -
1062 1795 1087 1799 -
1115 1759 1380 1808 σπονδεῖον,
1413 1775 1530 1798 „uu
1562 1753 1807 1809 δάκτυλον,

108 1842 225 1866 uu..
258 1821 571 1866 ἀνάπαιστον·
615 1822 660 1866 οἳ
701 1822 782 1879 διὰ
821 1819 865 1865 τί
904 1838 951 1866 τε
984 1822 1130 1873 οὕτως
1169 1824 1422 1866 καλοῦνται
1453 1821 1533 1864 καὶ
1569 1820 1618 1864 ἐκ
1649 1819 1807 1865 πόσων

107 1886 378 1933 καὶλποίων
420 1889 706 1945 σύγκεινται,
750 1888 940 1944 εἴρηται.
1002 1886 1084 1933 Ἐν
1119 1888 1203 1945 μὲν
1237 1885 1323 1932 οὖν
1353 1894 1455 1937 ταῖς
1486 1885 1670 1942 ἀρτίαις
1699 1887 1807 1937 τοὺς
1831 1899 1873 1933 25

107 1952 261 2007 πόδας
306 1954 488 2013 δέχεται
533 1956 744 2007 τούτους·
809 1956 858 2000 ἐν
908 1955 959 2000 δὲ
1007 1963 1108 2006 ταῖς
1154 1961 1390 2010 περιτταῖς
1445 1975 1525 1996 -υ
1572 1961 1806 2011 τροχαῖον,

107 2042 227 2065 uuo
256 2019 510 2080 τρίβραχυν
549 2021 651 2077 ἤτοι
689 2029 897 2079 χορεῖον,
936 2044 1008 2066 υ-
1044 2021 1236 2080 ἴαμβον,
1279 2020 1595 2075 σπανιώτερον
1636 2019 1687 2066 δὲ
1726 2022 1806 2065 καὶ

109 2086 352 2132 δάκτυλον.
404 2089 499 2132 Καὶ
531 2087 692 2132 σκόπει
724 2105 817 2145 μοι,
850 2086 974 2138 ὅπως
1005 2089 1086 2132 καὶ
1119 2087 1240 2132 κατὰ
1264 2093 1400 2131 τοῦτο
1425 2085 1690 2136 ἀντιπαθές
1714 2086 1806 2131 ἐστι

108 2154 160 2198 τὸ
191 2155 440 2212 τροχαϊκὸν
471 2154 636 2211 μέτρον
668 2159 728 2213 τῷ
762 2155 981 2214 ἰαμβικῷ·
1016 2154 1112 2198 ἐκεῖ
1143 2154 1226 2211 μὲν
1258 2153 1344 2210 γὰρ
1379 2152 1429 2196 ἐν
1453 2159 1507 2210 τῇ
1541 2153 1699 2211 πρώτῃ
1725 2154 1805 2196 καὶ

109 2218 237 2279 τρίτῃ
270 2222 349 2265 καὶ
382 2219 563 2280 πέμπτῃ
597 2222 723 2282 χώρᾳ
755 2222 835 2265 καὶ
867 2221 1023 2271 ἁπλῶς
1055 2222 1105 2266 ἐν
1138 2228 1240 2271 ταῖς
1269 2226 1504 2275 περιτταῖς
1537 2218 1713 2275 ἔφαμεν
1738 2217 1803 2262 τί·
1829 2233 1872 2264 3ο

23 2290 25 2294 ”
107 2290 286 2332 θεσθαι
325 2287 406 2332 τὸν
445 2291 695 2332 σπονδεῖον
740 2289 817 2331 καὶ
858 2288 940 2332 τὸν
980 2286 1209 2332 δάκτυλον
1250 2286 1329 2331 καὶ
1368 2285 1449 2329 τὸν
1488 2284 1800 2329 ἀνάπαιστον·

108 2354 318 2398 ἐνταῦθα
352 2353 403 2398 δὲ
435 2354 485 2398 ἐν
516 2358 578 2414 τῷ
609 2357 839 2413 τροχαϊκῷ
872 2352 1019 2413 μέτρῳ
1050 2351 1331 2398 τούναντίον
1364 2351 1492 2395 ἅπαν
1518 2351 1568 2395 ἐν
1596 2359 1699 2417 ταῖς
1721 2353 1803 2407 ἀρ-

106 2417 248 2471 τίαις·
283 2421 362 2463 καὶ
395 2418 543 2475 ὥσπερ
578 2420 628 2464 ἐν
660 2425 723 2480 τῷ
750 2421 949 2478 ἰαμβικῷ
983 2419 1130 2478 μέτρῳ
1160 2420 1242 2464 τὸν
1266 2418 1559 2463 ἀνάπαιστον
1584 2419 1692 2469 τοὺς
1714 2435 1801 2462 κω-

105 2487 268 2542 μικοὺς
299 2486 683 2544 παραλαμβάνειν
718 2487 766 2531 ἐν
798 2495 900 2537 ταῖς
931 2485 1114 2541 ἀρτίαις
1138 2486 1309 2543 χώραις
1333 2482 1445 2534 ὅλως
1469 2483 1696 2541 ἐλέγομεν,
1722 2485 1802 2528 διὰ

103 2551 155 2596 τὸ
188 2553 281 2596 ἀπὸ
315 2550 535 2610 βραχείας
566 2552 797 2610 ἄρχεσθαι
829 2554 907 2596 καὶ
941 2552 1060 2597 κατὰ
1092 2560 1228 2597 τοῦτο
1260 2557 1505 2595 κοινωνεῖν
1537 2554 1598 2608 τῷ
1633 2550 1800 2611 ἰάμβῳ.
1827 2564 1869 2597 35

221 2675 248 2713 4
279 2671 381 2728 τοῦ]
409 2670 459 2714 δὲ
484 2678 566 2713 τοῦ
592 2672 645 2714 K
664 2673 678 2727 ΙΙ
706 2676 756 2714 11
783 2671 854 2729 τὸ]
881 2678 942 2714 τῶ
962 2671 1014 2714 K
1037 2673 1043 2727 Ι
1071 2669 1222 2738 ἥκειν]
1248 2668 1412 2738 ἡκέναι
1439 2669 1553 2723 PK,
1580 2667 1706 2713 ἰέναι
1732 2670 1801 2727 Lu

21 2739 23 2742 ·
105 2732 158 2771 12
192 2731 362 2785 μᾶλλον
395 2729 483 2772 del.
511 2729 582 2774 Ρ2
635 2732 649 2785 ΕΙ
706 2735 759 2773 15
791 2728 1017 2787 τροχαίαν
1051 2730 1236 2786 scrips13
1278 2731 1334 2772 ct.
1369 2727 1528 2772 Choer.
1563 2743 1605 2783 p.
1638 2733 1739 2783 214,
1759 2734 1798 2782 5,

101 2790 729 2892 33⁰1Z⁷⁶⁸²ZZ01P525⁰3⁹⁶⁸JY115
744 2791 792 2890 11¹¹
814 2793 1020 2905 112271131'11
1046 2787 1413 2892 {ff‘fissssfflfi-‚Zz
1436 2787 1662 2902 &¹425ss
1702 2788 1800 2891 ,ῗὲἷὲ

102 2862 247 2949 τούτὲώ
281 2907 384 2950 PK
393 2905 424 2959 ²,
456 2863 551 2950 πᾶὲ
581 2863 829 2951 τοί’·τοΡΚ.’ι
1645 2881 1669 2902 Ἰ

1446 2963 1537 3021 24*
