2060 3168
179 833 198 864 5

159 1237 200 1269 10

159 1643 199 1675 15

160 2049 201 2079 20

220 203 329 255 220
674 207 983 248 ΓΕῼΡΓΙΟΤ
1015 208 1455 250 ΧοῖΡοΒοΣΚοΤ

941 413 1063 484 Cap.
1096 414 1188 468 IV.

625 531 788 601 Περὶ
829 532 1206 596 ἀποθέσεως
1245 533 1507 604 μέτρων.
1942 545 1996 584 63

334 652 468 715 Περὶ
530 651 924 715 ἀκαταλήκτων.
1018 651 1379 717 Ἀκατάληκτα
1441 657 1676 706 καλεῖται
1732 656 1907 718 μέτρα,

225 732 320 784 ὅεα
366 733 462 784 τὸν
501 735 809 784 τελευταῖον
858 733 1003 785 πόδα
1042 733 1343 798 ὁλόκληρον
1385 735 1492 800 ἔχει
1533 735 1651 789 οἷον
1693 736 1778 788 ἐπὶ
1818 740 1908 788 δα-

224 816 469 864 κτυλικοῦ

373 895 582 958 μώεάγε
624 896 896 947 Καλλιόπα
937 896 1163 960 Θύγατερ
1204 898 1338 949 Διός
1379 894 1573 967 (Alcm.
1598 894 1714 966 45)·

224 977 576 1039 καταληκτικὰ
616 978 688 1038 δέ,
730 976 826 1028 ὅεα
867 978 1227 1041 μεμειωμένον
1265 978 1440 1041 ἕχουει
1473 980 1569 1031 τὸν
1601 982 1910 1031 τελευταῖον

224 1057 387 1108 πόδα·
430 1059 514 1108 καὶ
553 1059 619 1109 τὰ
660 1058 789 1122 ἑξῆς.

347 1135 544 1190 Ἰστεόν
593 1139 675 1190 ὅτι
733 1139 995 1201 ἀπόθεσις
1050 1137 1140 1190 καὶ
1195 1138 1483 1207 κατάληξις
1532 1139 1736 1191 ταύτόν
1783 1137 1909 1191 ἐστι.

224 1216 348 1286 περὶ
405 1218 724 1282 ἀποθέσεως
779 1217 880 1273 οὖν
937 1235 1110 1288 φησιν
1157 1219 1330 1272 οἱονεὶ
1384 1219 1508 1288 περὶ
1558 1219 1911 1288 καταλήξεως.

223 1296 340 1351 ἔστι
381 1299 442 1352 δὲ
480 1300 569 1352 καὶ
610 1302 832 1368 γενικὸν
865 1303 1042 1370 ὄνομα
1072 1302 1104 1369 ἡ
1138 1300 1403 1364 ἀπόθεσις
1435 1303 1624 1370 οἱονεί,
1666 1302 1737 1363 ὡς
1769 1301 1911 1370 εἴρη-

224 1401 329 1449 ται,
369 1393 515 1434 πᾶσα
552 1382 859 1451 κατάληξις·
900 1380 1016 1436 ἔστι
1050 1381 1110 1436 δε
1141 1382 1230 1436 καὶ
1267 1384 1445 1436 ἰδικὸν
1477 1383 1599 1435 ἀντὶ
1630 1390 1728 1435 τοῦ
1762 1382 1912 1435 ἑλάτρ

223 1478 399 1525 τωσις.
484 1462 630 1531 λέγει
678 1460 783 1516 οὖν
836 1465 966 1517 ποῖά
1021 1466 1162 1517 εἰσιν
1216 1465 1555 1533 ἀκατάληπτα
1608 1463 1775 1533 μέτρα
1823 1464 1912 1516 καὶ

223 1553 355 1596 ποῖα
394 1547 757 1612 καταληπτικά
797 1552 874 1608 εἰς
913 1548 1194 1614 συλλαβὴν
1233 1546 1266 1614 ἢ
1307 1546 1409 1599 δύο
1450 1546 1741 1613 συλλαβάς.

336 1626 694 1695 Ἀκατάληκτα
748 1631 942 1680 τοίνυν
996 1627 1171 1695 ἐστίν,
1235 1629 1307 1690 ὡς
1359 1628 1449 1680 καὶ
1505 1627 1670 1688 αὐτὸς
1725 1635 1915 1694 σαφῶς

223 1709 621 1776 παραδίδωσιν,
662 1709 763 1761 ὅσα
802 1707 989 1778 ἔχουσι
1030 1709 1241 1762 τέλειον
1278 1710 1378 1761 τὸν
1417 1713 1730 1761 τελευταῖον
1770 1708 1912 1760 πόδα

225 1787 396 1857 μηδὲν
436 1793 710 1858 λείποντα,
764 1782 883 1843 οἷόν
924 1805 1058 1859 φησι
1098 1792 1158 1843 τὸ
1198 1790 1544 1860 παράδειγμα
1584 1788 1671 1842 ἐπὶ
1714 1790 1910 1840 δακτυ-

226 1875 383 1923 λικοῦ
424 1872 811 1940 τετραμέτρου·
851 1869 961 1941 ἔχει
1003 1873 1105 1941 γὰρ
1146 1874 1276 1934 τοὺς
1315 1870 1580 1939 τέσσαρας
1618 1871 1790 1932 πόδας
1828 1889 1910 1922 τε-

227 1954 408 2014 λείους

373 2034 589 2102 μῶσάγε
629 2036 917 2087 Καλλιόπα
955 2036 1201 2103 θύγατερ
1242 2036 1394 2096 Διός.

338 2125 726 2196 Καταληκτικὰ.
783 2120 842 2175 δὲ
903 2123 1234 2176 τούναντίον
1291 2123 1392 2176 ὅσα
1445 2124 1543 2175 τὸν
1596 2125 1913 2174 τελευταῖον

226 2205 371 2255 πόδα
411 2202 570 2271 ἀτελῆ
612 2202 852 2271 ἔχουσιν,
895 2198 1016 2256 οἷον
1056 2202 1142 2256 ἐπὶ
1185 2204 1383 2271 ἰάμβου
1426 2202 1597 2272 φησὶν

374 2294 586 2361 χαίροις
612 2291 853 2360 ἁνύμφα,
879 2293 1106 2362 χαιρέτω
1134 2295 1166 2345 δ
1180 2292 1192 2312 '
1209 2293 1236 2345 ὁ
1262 2294 1506 2360 γαμβρός
1525 2289 1913 2362 (Sapph.103)·

348 2457 371 2495 9
407 2451 579 2495 schol.A
607 2456 704 2505 113,
727 2457 793 2495 16.
829 2453 999 2496 schol.B
1021 2453 1116 2509 (lib.
1144 2453 1224 2508 IV)
1252 2457 1319 2507 16,
1340 2457 1394 2495 25
1420 2454 1434 2508 ΙΙ
1460 2455 1514 2494 15
1545 2450 1713 2493 Trieha
1738 2454 1837 2504 258,
1856 2454 1908 2492 31

348 2605 371 2641 2
407 2599 572 2654 μέτρου
605 2599 649 2642 U
697 2601 710 2654 ΙΙ
766 2604 789 2640 3
823 2600 1013 2643 titulum
1046 2601 1151 2643 add.
1179 2599 1258 2643 Κ2
1289 2599 1336 2642 in
1369 2614 1476 2655 mg„
1518 2611 1603 2640 om.
1642 2599 1698 2650 U3
1739 2597 1820 2639 sed
1853 2596 1908 2640 cf.

229 2663 402 2711 223,19
436 2661 449 2714 ΙΙ
481 2664 507 2700 4
541 2659 723 2715 ἔχουσιν
757 2659 817 2707 ὡς
850 2660 923 2702 ἐπὶ
955 2663 1092 2703 τοῦδε
1124 2667 1205 2702 τοῦ
1239 2661 1324 2714 ΚΙΙ
1351 2663 1375 2701 6
1409 2656 1609 2731 μοῦσάγε
1641 2657 1696 2699 Κ
1725 2656 1730 2711 Ι
1757 2659 1910 2711 θυγα-

227 2715 336 2770 τέρα
369 2718 411 2760 U
438 2719 451 2773 ΙΙ
486 2722 508 2759 7
543 2720 803 2760 τελευταῖον
836 2732 922 2760 om.
950 2720 1003 2761 K
1031 2721 1046 2793 ΙΙ
1087 2724 1111 2760 8
1144 2718 1201 2761 τὰ
1234 2732 1320 2760 om
1358 2719 1401 2762 U
1424 2719 1437 2772 ΙΙ
1472 2722 1524 2758 10
1558 2712 1658 2759 οἷον
1694 2716 1769 2770 ΠΙ
1804 2715 1911 2769 περὶ

229 2790 312 2818 om.
342 2776 392 2818 K
414 2778 427 2831 ΙΙ
453 2781 506 2819 12
539 2783 620 2819 τοῦ
654 2790 739 2819 om.
771 2778 843 2832 ΠΙΙ
871 2782 923 2820 15
957 2778 1072 2820 εἰσὶν
1109 2779 1177 2832 ΠΙ
1206 2778 1285 2820 καὶ
1311 2790 1396 2819 om.
1424 2777 1478 2819 K
1497 2777 1510 2830 ΙΙ
1537 2779 1590 2817 16
1616 2771 1807 2818 δίδωσιν
1832 2775 1910 2829 ΚΙΙ

230 2839 281 2876 17
316 2834 366 2877 τὸ
401 2849 486 2878 om
524 2836 568 2879 U
591 2838 604 2891 ΙΙ
639 2839 691 2877 18
723 2834 1026 2890 τετραμέτρου
1062 2836 1206 2889 Stud„
1240 2835 1453 2890 διμέτρου
1486 2833 1616 2876 codd.
1648 2835 1652 2888 Ι
1687 2830 1910 2904 τέσσαρας

228 2892 397 2950 πόδας]
430 2901 550 2947 τρεῖς
582 2894 836 2944 δακτύλους
871 2896 943 2950 Ul}
970 2901 1021 2936 >1
1056 2895 1135 2938 καὶ
1176 2893 1259 2938 ὅσα
1293 2896 1420 2949 ΚΙΙ
1406 2898 1457 2936 2
1492 2893 1626 2946 ἀτελη
1659 2889 1784 2935 πόδα
1817 2892 1871 2934 Κ
1902 2891 1906 2949 Ι

229 2952 445 3009 ιαμβικοῦ
478 2952 625 3007 Heph.
653 2955 665 3008 ΙΙ
692 2958 744 2995 23
779 2953 970 3008 ἀνύμφα
1005 2955 1049 2997 U
