2090 3158
765 145 910 187 ΠΕΡΙ
940 142 1233 184 ΣΗΜΕΙΩΝ.
1775 137 1845 189 73

155 280 418 349 δεύτερον
455 279 518 332 δὲ
558 273 703 342 εἶδός
742 277 894 332 ἐστιν
932 278 964 347 ἡ
1005 276 1307 345 ὁμωνύμως
1345 281 1419 348 τῷ
1459 273 1606 344 γένει
1646 277 1841 326 καλου-

153 359 290 430 μένη
337 360 664 429 παράβασις·
717 359 808 413 καὶ
854 362 1043 430 τρίτον
1081 359 1143 411 τὸ
1182 358 1396 426 μακρὸν
1435 357 1843 425 προσαγορευό-

153 461 343 510 μενον,
384 439 412 493 ὃ
452 443 548 494 καί
583 460 767 509 φαμεν
805 435 948 494 εἶναι
980 438 1427 509 ἐπιμηκέστερον·
1468 438 1534 491 οὐ
1566 438 1675 505 μὴν
1708 436 1845 490 ἀλλὰ

153 521 244 576 καὶ
299 523 391 576 διὰ
444 522 505 576 τὸ
553 521 816 575 ἀπνευστὶ
863 520 1125 591 λέγεσθαι
1172 520 1348 574 ἐδόκει
1396 513 1537 593 εἶναι
1585 520 1839 589 μακρότε·

2 609 129 668 [136]
157 625 270 674 ρον.
311 636 384 645 ——
431 607 613 657 Ταῦτα
651 604 753 671 μὲν
793 599 897 657 οὗν
936 602 1088 657 ἐστιν
1127 600 1521 669 ἀπολελυμένα.
1587 599 1742 670 ἕτερα
1782 599 1847 652 δέ
1891 618 1913 651 5

154 684 269 739 ἐστι
317 687 382 738 τὰ
429 686 565 739 κατὰ
603 685 792 755 σχέσιν
831 683 1202 755 γεγραμμένα,
1250 685 1310 738 τό
1350 702 1407 736 τε
1454 682 1615 752 μέλος
1653 682 1744 734 καὶ
1783 682 1843 734 τὸ

154 766 449 837 ἐπίρρημα,
513 767 646 836 ὅπερ
711 768 785 830 ὡς
846 765 932 820 ἐπὶ
991 767 1051 820 τὸ
1105 770 1366 819 πλεῖστον
1427 764 1715 818 ἑκκαίδεκα
1775 759 1845 830 ἧν

155 852 381 917 στίχων,
428 847 518 902 καὶ
565 849 626 902 τὸ
675 855 743 922 τςῖ
790 848 941 918 μέλει
989 847 1362 916 ἀντίστροφον
1409 846 1499 899 καὶ
1545 846 1606 898 τὸ
1646 845 1844 898 καλού-

153 949 326 998 μενον
386 930 785 1001 ἀντεπίρρημα,
849 929 981 998 ὅπερ
1044 925 1114 997 ἢν
1174 937 1286 981 τῶν
1340 933 1478 981 ἴσων
1530 928 1724 980 κώλων
1777 932 1850 998 τῷ

154 1010 492 1082 ἐπιρρήματι.
1871 1027 1915 1059 ιο

586 1274 589 1277 ’
666 1252 878 1312 ΠΕΡΙ
918 1251 1331 1313 ΣΗΜΕΙΩΝ.

270 1368 350 1436 (1)
409 1369 486 1421 Τά
527 1378 722 1438 σημεῖα
760 1371 826 1423 τὰ
864 1371 1011 1440 παρὰ
1049 1377 1166 1430 τοῖς
1204 1376 1454 1436 ποιηταῖς
1494 1368 1672 1428 ἄλλως
1709 1364 1847 1435 παρ’

157 1449 345 1512 ἄλλοις
382 1459 579 1503 κεῖται·
620 1451 759 1519 λέγω
802 1450 880 1518 δέ,
921 1451 1084 1504 ὁποῖά
1124 1448 1275 1503 ἐστιν
1313 1450 1346 1517 ἥ
1387 1468 1444 1501 τε
1483 1449 1846 1517 παράγραφος

0 1534 128 1594 [137]
155 1529 245 1583 καὶ
285 1531 317 1599 ἡ
357 1533 592 1599 κορωνὶς
629 1531 719 1585 καὶ
759 1533 792 1602 ἡ
831 1529 932 1596 ἔξω
972 1539 1265 1585 νενευκυῖα
1305 1531 1468 1599 διπλῆ
1509 1530 1598 1582 καὶ
1631 1528 1659 1582 ὁ
1693 1528 1845 1581 ἀστε-

157 1614 361 1680 ρισκος,
400 1611 490 1665 καὶ
531 1612 584 1666 εἴ
618 1634 671 1666 τι
711 1615 844 1667 ἄλλο
884 1620 1154 1666 τοιοῦτον.
1872 1636 1914 1669 15

270 1694 354 1762 (2)
383 1695 548 1763 Παρὰ
570 1695 673 1762 μὲν
700 1704 816 1758 τοῖς
849 1700 1111 1765 λυρικοῑς,
1145 1695 1215 1748 ἂν
1239 1695 1342 1762 μὲν
1372 1695 1762 1764 μονόστροφον
1784 1695 1844 1747 τὸ

157 1767 300 1844 ἆσμα
339 1778 391 1845 ᾐ,
432 1775 571 1829 καθ’
604 1775 836 1845 εκάστην
866 1780 1082 1830 τίθεται
1115 1778 1366 1847 στροφὴν
1398 1776 1430 1845 ἡ
1462 1776 1844 1844 παράγραφος,

69 1865 122 1903 75
158 1849 271 1909 εἶτα
310 1855 399 1909 ἐπὶ
439 1857 632 1920 τέλους
670 1866 769 1911 τοῦ
811 1855 1048 1929 ᾄσματος
1086 1859 1118 1927 ἡ
1159 1878 1407 1929 κορωνις.
1474 1857 1570 1910 ἐὰν
1610 1857 1672 1910 δὲ
1710 1859 1846 1910 κατὰ

154 1940 460 2007 περικοπὴν
498 1941 564 1992 τὰ
605 1938 814 2010 ᾄσματα
852 1935 886 2010 ᾖ
925 1938 1290 2010 γεγραμμένα,
1328 1940 1466 1992 ὥστε
1506 1935 1648 1992 εἶναι
1689 1953 1846 2008 στρο-

275 2073 300 2111 4
333 2070 384 2113 τὸ
417 2071 704 2126 καλούμενον
737 2078 902 2128 πνῖγος
931 2071 982 2116 τὸ
1008 2071 1086 2114 καὶ
1113 2071 1263 2127 (codd.
1291 2071 1371 2114 καὶ
1401 2070 1470 2127 τὸ)
1496 2070 1676 2126 μακρὸν
1702 2070 1844 2113 schol.

155 2128 389 2184 Aristoph.
414 2129 528 2174 Ach.
556 2134 641 2174 659
668 2130 899 2188 ffleliod..)
947 2131 1087 2187 Vesp.
1116 2135 1226 2174 1051
1255 2130 1342 2187 (V).
1370 2132 1383 2187 ΙΙ
1409 2135 1463 2173 12
1479 2144 1577 2185 sqq.
1610 2130 1666 2174 Is
1694 2129 1843 2172 Tzetz.

156 2188 240 2230 ΑΡ
264 2187 286 2231 Ι
311 2193 380 2243 72,
401 2194 455 2231 14
470 2203 568 2245 sqq.
595 2216 651 2222 —
678 2190 739 2233 ad
763 2191 979 2234 notarum
1005 2190 1267 2234 doctrinam
1291 2189 1349 2234 cf.
1376 2188 1618 2233 Heliodori
1649 2189 1845 2232 colome-

156 2246 275 2290 triae
308 2224 497 2304 Ar'istop
500 2249 679 2292 haneae
711 2249 939 2304 reliquiae
973 2249 1042 2294 ed.
1069 2249 1342 2301 Thiemann,
1376 2249 1510 2292 Halis
1538 2253 1649 2291 1869
1676 2248 1846 2305 (Hense

156 2305 338 2350 Heliod.
372 2306 633 2351 Untersuch
672 2344 680 2352 .
715 2308 820 2366 [Lip
826 2323 858 2353 s.
888 2309 1021 2366 1870]
1056 2313 1260 2364 35-71;
1309 2284 1396 2351 B'A
1420 2307 1462 2351 V
1487 2314 1511 2350 3
1544 2324 1588 2364 p.
1625 2312 1746 2350 52-
1757 2310 1843 2364 67).

156 2365 328 2409 Anecd.
355 2366 500 2412 Paris.
529 2367 612 2411 GL
637 2324 820 2410 {VHp
748 2373 973 2422 533-36;
1006 2368 1115 2412 Isid.
1143 2368 1256 2425 orig.
1282 2368 1303 2410 Ι
1336 2382 1435 2424 cap.
1463 2372 1518 2410 20

280 2490 301 2527 1
338 2484 579 2543 ὁμώνυμος
611 2487 656 2530 Α
683 2488 689 2542 1
718 2485 860 2560 γένει]
903 2484 988 2545 ὅλῳ
1021 2487 1079 2531 H
1096 2488 1110 2543 ΙΙ
1134 2491 1160 2529 3
1195 2485 1218 2531 ὃ
1253 2484 1313 2530 ἂν
1347 2493 1520 2542 φαῖμεν
1552 2485 1739 2529 Kolster
1771 2485 1845 2542 (de

156 2543 391 2600 parabasi.
439 2545 594 2589 Alton.
624 2550 776 2599 1829,
819 2544 842 2590 ὃ
884 2546 967 2601 μὲν
1009 2546 1092 2589 οὐκ
1134 2542 1256 2590 εἶναι
1289 2542 1644 2602 ἐπιμηκέστερόν
1678 2560 1845 2600 φαμεν,

158 2602 271 2647 ἀλλὰ
312 2602 392 2648 διὰ
430 2605 482 2648 τὸ
518 2639 525 2647 .
594 2605 832 2648 ‚Koester
870 2605 946 2661 (de
985 2620 1050 2662 g.r
1086 2619 1201 2649 com.
1234 2605 1395 2662 p.arab
1433 2604 1635 2647 Sundiae
1670 2606 1805 2671 18335)
1833 2606 1847 2659 ΙΙ

158 2665 184 2704 8
217 2662 267 2706 τὸ
301 2665 403 2719 (pr.)
437 2678 522 2707 om.
558 2666 589 2707 Ι
631 2666 644 2720 ΙΙ
693 2669 717 2708 9
753 2662 937 2719 ὅπερ-
955 2663 1230 2720 ἐπιρρήματι
1234 2621 1353 2708 pdel.
1385 2663 1539 2708 Hense
1578 2665 1592 2719 Η
1633 2667 1688 2707 10
1719 2662 1768 2706 in
1801 2665 1846 2707 A

157 2721 267 2765 libri
292 2721 403 2765 ’finis
435 2722 671 2766 indicatur
701 2725 755 2768 ut
786 2727 857 2777 62,
877 2728 932 2767 14
978 2726 992 2779 ΙΙ
1041 2729 1094 2766 14
1126 2725 1233 2780 post
1264 2722 1596 2779 παράγραφος,
1636 2723 1845 2776 κορωνὶς,

158 2781 296 2836 διπλῆ
328 2780 449 2839 (bis),
482 2781 749 2837 ἀστερίσκος
775 2783 832 2825 H
860 2783 966 2826 add.
1001 2783 1136 2841 signa
1193 2782 1199 2841 Ι
1256 2785 1364 2839 post
1394 2784 1532 2838 διπλῆ
1566 2782 1671 2825 add.
1706 2781 1843 2823 Turn.

158 2841 239 2883 καὶ
269 2839 297 2895 ἡ
332 2840 416 2885 ἔσω
450 2842 574 2896 quod
604 2843 880 2898 receperunt
911 2842 1134 2896 editorem
1169 2842 1251 2886 sed
1282 2841 1310 2898 ὴ
1346 2840 1429 2885 ἔσω
1456 2844 1496 2886 δ.
1524 2855 1615 2884 11011
1650 2854 1844 2884 comme-

159 2901 366 2942 moratur
398 2902 506 2943 ante
541 2905 608 2952 74,
630 2905 684 2944 24
