2060 3168
227 182 338 235 274
808 184 1041 226 ΣΧΟΛΙΑ
1070 185 1107 225 B
1139 181 1238 238 (lib.
1262 181 1343 239 m)

226 318 550 387 ἀδιάφορον.
630 318 718 370 ὅτε
756 315 858 385 μὲν
894 314 997 371 οὖν
1029 317 1179 371 ἐστιν
1211 317 1599 386 ἀκατάληκτον,
1640 318 1917 371 δάκτυλον

225 398 256 467 ἢ
299 399 656 469 ἀμφίμακρον
695 396 806 468 ἔχει
845 399 943 452 τὸν
981 404 1297 452 τελευταῖον
1327 401 1490 452 πόδα·
1534 399 1630 452 ἐὰν
1662 396 1722 452 δὲ
1754 419 1913 452 κατα-
1949 409 2005 447 14

226 482 504 549 ληκτικόν,
558 482 635 542 εἰς
684 482 1023 547 δισύλλαβον
1069 480 1194 547 μέν,
1248 482 1546 533 σπονδεῖον
1584 481 1616 550 ἢ
1655 490 1916 550 τροχαῖον

225 558 334 630 ἔχει
366 565 464 614 τὸν
495 567 831 614 τελευταῖον·
867 563 943 623 εἰς
977 563 1261 629 συλλαβὴν
1286 560 1363 628 δέ,
1397 561 1723 631 ἀδιάφορον.
1767 561 1915 629 ‘Tmo'—

180 664 201 698 5
227 656 452 696 στανται
485 640 546 695 δὲ
581 642 670 695 καὶ
706 643 765 695 ἐν
795 643 970 714 τούτῳ
1007 644 1142 695 κατὰ
1174 643 1470 712 ἀφαίρεσίν
1500 643 1592 710 <τε
1623 641 1713 695 καὶ
1746 645 1915 713 πρόσ-

224 726 423 792 θεσιν)
457 725 682 794 δίμετρά
714 744 770 776 τε
808 723 899 776 καὶ
933 726 1190 793 τρίμετρα
1228 725 1319 777 καὶ
1351 722 1431 777 ἔτι
1463 725 1792 794 τετράμετρα
1823 723 1916 776 καὶ

223 807 564 874 πεντάμετρα
590 805 922 876 (μονόμετρα
955 805 1060 875 γὰρ
1087 806 1187 859 οὐκ
1213 804 1345 876 ἔχει)
1371 804 1460 858 καὶ
1486 814 1657 858 ταῦτα
1687 809 1915 873 καταλη-

223 889 379 939 κτικά
396 907 453 940 τε
471 889 547 950 εἰς
567 889 851 955 συλλαβὴν
867 885 958 938 καὶ
981 889 1056 949 είς
1082 888 1420 954 δισύλλαβον
1444 885 1535 939 καὶ
1560 886 1916 955 ἄκατοὲληκτα.

342 972 465 1021 Τῶν
525 966 626 1036 μὲν
682 965 787 1021 οὖν
843 969 1024 1020 ἄλλων
1078 970 1490 1038 παραδείγματα
1545 968 1646 1020 οὐκ
1703 972 1914 1037 ἔχομεν,

157 1074 199 1105 ιο
223 1050 676 1119 τετραμέτρων
736 1051 797 1103 δὲ
851 1055 1257 1118 καταληπτικῶν
1319 1051 1396 1112 εἰς
1458 1051 1797 1117 δισύλλαβον
1853 1050 1914 1101 τὸ

223 1129 447 1202 (Sapph.
483 1131 578 1204 98)

370 1218 613 1286 θυρωρῷ
647 1214 813 1275 πόδες
853 1212 1222 1283 ἑπτορόγυιοι,

370 1295 437 1346 τὰ
477 1295 538 1347 δὲ
577 1296 827 1362 σάμβαλα
866 1297 1210 1363 πενταβόεια,

370 1378 634 1445 πίσυγγοι
676 1374 736 1429 δὲ
777 1375 898 1429 δέκ’
938 1375 1271 1439 ἐξεπόνασαν
1311 1375 1406 1446 (=
1432 1374 1646 1446 Heph.).

157 1480 197 1512 15
223 1457 610 1526 ἁκαταλήκτων
650 1459 710 1511 δὲ
752 1457 973 1529 (Sapph.
999 1459 1086 1510 40,
1112 1457 1207 1528 41)

372 1542 494 1607 ἔρος
535 1542 568 1591 δ
581 1538 595 1559 '
634 1536 766 1592 αὖτέ
802 1539 865 1608 μ’
905 1539 933 1592 ὁ
976 1542 1269 1609 λυσιμελὴς
1310 1541 1464 1593 δονεῖ

369 1622 750 1691 γλυκύπικρον
790 1621 1072 1689 ἀμάχανον
1111 1624 1358 1691 ὄρπετον.
1389 1653 1464 1658 -

355 1700 527 1769 Ἄτθι,
568 1704 654 1756 σοὶ
697 1702 755 1755 δ’
796 1706 994 1770 ε’μεθεν
1033 1700 1134 1769 μὲν
1173 1704 1450 1772 ἀπήχθετο

370 1786 730 1853 φροντίσδην,
771 1783 859 1837 ἐπὶ
900 1783 959 1836 δ’
998 1784 1364 1854 Ἀνδρομέδαν
1402 1787 1540 1852 πότη
1576 1783 1670 1854 (=
1699 1781 1913 1853 Heph.).

154 1887 196 1919 20
219 1883 419 1917 πεντα
429 1865 679 1935 μέτρων
705 1863 765 1918 δὲ
789 1870 1194 1934 καταληκτικῶν
1221 1868 1297 1929 εἰς
1322 1867 1661 1932 δισύλλαβον
1686 1862 1914 1936 (Sapph.

332 1944 465 2092 >τίῳ
509 2020 582 2089 6',
625 2018 665 2074 ὦ
706 2025 834 2090 φίλε
872 2021 1099 2090 γαμβρέ,
1138 2028 1316 2084 καλῶς
1356 2021 1616 2084 εἰκάσδως

370 2102 567 2171 ὅρπακι
608 2104 854 2175 βραδινῷ
891 2118 950 2155 σε
990 2102 1214 2169 μάλιστ’
1254 2102 1489 2156 ἐικοὲσδω
1531 2102 1626 2172 (=--
1652 2099 1866 2172 Heph).

220 2182 595 2251 ἀκαταλήκτου
638 2181 696 2236 δὲ
736 2193 835 2236 τοῦ
875 2184 965 2235 καὶ
1007 2188 1307 2254 Σαπφικοῦ
1347 2183 1711 2251 καλουμένου,
1753 2182 1781 2235 ὃ
1822 2183 1911 2234 καὶ

155 2286 195 2318 25
219 2266 993 2332 τεσσαρεσκαιδεκασύλλαβόν
1034 2262 1184 2316 ἐστιν
1226 2264 1447 2334 (Sapph.
1482 2263 1575 2334 33)

368 2348 586 2414 ἠράμαν
608 2343 710 2412 μὲν
727 2346 830 2414 ἐγὼ
850 2346 1035 2412 σέθεν,
1047 2344 1219 2413 Ἄτθι,
1243 2346 1410 2398 πάλαι
1435 2347 1573 2398 πόκα
1592 2343 1686 2415 (==
1698 2343 1912 2416 Heph.).

222 2426 575 2495 ἑξαμέτρου
604 2428 664 2480 δὲ
688 2431 1085 2496 καταληπτικοῦ
1113 2430 1189 2489 εἰς
1215 2428 1555 2493 δισύλλαβον
1580 2428 1640 2479 τὸ
1662 2424 1906 2497 (A10.46)

367 2508 595 2574 κέλομαί
637 2528 762 2560 τινα
809 2510 907 2561 τὸν
949 2511 1206 2577 χαρίεντα
1254 2509 1498 2561 Μένωνα
1541 2506 1797 2559 καλέσσαι

1289 2588 1381 2659 (=
1412 2588 1625 2658 Heph.)

341 2703 365 2741 5
399 2697 670 2753 ἀφαιρέσεις
697 2699 768 2754 ΥΙ
795 2715 843 2742 τε
862 2725 915 2730 -
934 2715 1008 2753 πρ.
1038 2700 1142 2742 add.
1169 2699 1387 2742 Hoerseh.
1414 2700 1428 2754 ΙΙ
1455 2703 1507 2741 12
1535 2696 1832 2752 ἑπταρόγυιοι
1855 2699 1910 2751 Y,

223 2756 490 2811 ἑπταρόγιοι
523 2759 564 2800 Ζ
595 2759 609 2812 ΙΙ
648 2763 701 2800 14
733 2754 949 2814 πίσσυγοι
984 2759 1029 2801 Y
1065 2761 1069 2815 Ι
1115 2757 1395 2813 ἐξεπόνησαν
1428 2758 1469 2810 k,
1502 2756 1802 2808 ὠξεπόνασαν
1830 2771 1864 2812 p
1894 2758 1909 2820 Η

223 2820 276 2857 16
303 2813 407 2858 αὖτ’
430 2816 535 2870 ἐμὸς
555 2817 607 2869 Y,
641 2813 745 2859 αὖτ’
769 2816 878 2872 ἐμὸν
900 2818 942 2859 Ζ
962 2819 975 2873 ΙΙ
1004 2820 1173 2859 18-19
1202 2831 1287 2860 om.
1307 2818 1350 2860 Z
1369 2819 1383 2872 Η
1411 2820 1462 2858 18
1480 2813 1629 2872 Ἆτθι]
1659 2817 1817 2865 αὐτοῖς
1839 2817 1907 2873 Yi!

223 2872 502 2976 19ᾶιέροντίς
527 2873 571 2918 δ’
602 2871 660 2930 ἦν
694 2876 766 2931 ΥΙ
794 2874 905 2919 ποτέ
938 2877 985 2919 Y
1007 2879 1022 2931 Η
1054 2881 1108 2918 26
1135 2874 1280 2933 ’Ἀτθι]
1315 2875 1394 2919 ἅτε
1428 2875 1558 2918 codd.
1585 2876 1599 2930 ss
1632 2879 1686 2918 28
1719 2873 1910 2918 καλέσαι

222 2947 273 2975 oo
346 2969 353 2976 .
