2060 3168
257 195 364 246 342
824 195 1074 235 APPEND.
1111 194 1370 235 RHETOR.

369 350 414 389 ς.
454 330 624 398 τραχὺ
664 328 723 380 τὸ
764 328 862 379 τὸν
901 327 1124 396 ῥυθμὸν
1163 336 1274 379 τῶν
1317 328 1588 396 φθόγγων
1617 326 1712 396 <bx
1748 347 1946 397 τραχυ-

254 410 428 480 τέρων
469 409 700 476 λέξεων>
740 417 1017 460 συνιστῶν
1059 407 1136 479 (Γ
1153 406 1285 478 363)

403 493 603 560 τριχθὰ
645 486 704 541 δε
743 487 834 540 καὶ
874 490 1149 558 τετραχθὰ
1189 475 1495 559 διατρυφὲν
1528 491 1719 542 ἔκπεσε
1751 491 1945 559 χειρός.

368 585 404 645 ζ.
456 574 811 648 μαλακοειδες
851 577 911 629 τὸ
952 578 1023 645 μὴ
1064 579 1257 644 βιαίως
1296 577 1424 630 ἀλλ’
1463 578 1677 644 ὁμαλῶς
1715 580 1947 647 προσπί-

212 683 230 715 5
255 680 393 714 πτον
432 671 550 722 ταῖς
590 659 778 720 ἀκοαῖς
817 655 892 728 (P
909 656 1004 727 51)

405 743 587 808 αἵματι
629 739 687 792 δ’
727 740 778 791 οἱ
820 739 1050 817 δεύοντο
1090 741 1251 807 κόμαι
1290 742 1605 808 χαρίτεσσιν
1644 739 1842 808 ὁμοῖαι.

366 834 415 899 ἢ.
455 833 782 897 κακόφωνον
821 828 883 880 τὸ
922 830 1100 881 πολλὰ
1141 830 1432 897 φωνήεντα
1472 827 1600 897 ἔχον
1639 827 1694 898 (λ
1724 827 1853 900 128)

405 915 516 981 φήῃ
558 911 939 979 ἀθηρηλοιγὸν
980 916 1124 981 ἔχειν
1165 910 1268 963 ἀνὰ
1309 911 1551 982 φαιδίμῳ
1593 911 1734 982 ὤμῳ.

366 989 422 1053 ᾗ.
457 1001 733 1067 λογοειδὲς
763 1002 824 1054 τὸ
857 1001 1221 1070 <πεζότερον>
1253 1000 1390 1051 κατὰ
1415 999 1688 1051 σύνθεσιν
1713 996 1790 1069 (Λ
1814 997 1946 1070 679)

191 1103 232 1135 10
404 1083 606 1143 ἵππους
647 1079 706 1134 δὲ
748 1081 957 1146 ξανθὰς
997 1082 1191 1135 ἑκατὸν
1229 1081 1318 1133 καὶ
1359 1083 1712 1148 πεντήκοντα.

999 1259 1124 1328 Cap.
1148 1258 1214 1311 V.

623 1363 785 1431 Περὶ
823 1372 939 1415 τοῦ
983 1365 1294 1429 ἰαμβικοῦ
1334 1363 1591 1431 με’τρου.

377 1467 448 1517 Τὸ
491 1466 747 1534 ἰαμβικὸν
785 1466 985 1535 με’τρον
1032 1464 1148 1519 ἔστι
1193 1466 1295 1534 μὲν
1337 1463 1628 1533 ἑξάμετρον
1667 1462 1756 1516 καὶ
1798 1464 1948 1532 αὐτό,

259 1549 548 1616 διαιρεῖται
591 1547 651 1599 δὲ
692 1549 767 1609 εἰς
808 1549 926 1600 δύο.
989 1549 1077 1600 καὶ
1117 1548 1177 1600 τὸ
1218 1547 1318 1613 μὲν
1358 1547 1530 1598 αὐτοῦ
1563 1549 1805 1598 καλεῖται
1845 1566 1948 1598 κω-

193 1648 232 1680 15
258 1631 421 1697 μικόν
460 1648 516 1680 τε
555 1627 643 1681 καὶ
686 1631 966 1699 τραγικόν,
1018 1622 1060 1701 ᾧ
1095 1627 1184 1680 καὶ
1225 1637 1335 1680 τῶν
1374 1632 1622 1679 παλαιῶν
1663 1647 1714 1679 οι
1753 1627 1950 1679 πολλοὶ

258 1713 676 1779 κατεχρήσαντο.
740 1710 950 1778 δέχεται
992 1711 1053 1763 δε
1091 1718 1254 1762 τοῦτο
1296 1729 1356 1761 εν
1395 1729 1496 1777 μεν
1535 1717 1597 1778 τῇ
1637 1709 1824 1777 πρώτῃ
1858 1706 1948 1760 καὶ

258 1794 410 1860 τρίτῃ
452 1790 542 1843 καὶ
583 1791 793 1861 πέμπτῃ
827 1793 984 1860 βάσει
1025 1793 1198 1853 πόδας
1231 1790 1407 1857 πέντε,
1449 1790 1741 1857 δάκτυλον,
1782 1803 1949 1842 σπον-

259 1874 427 1936 δεῖον,
468 1882 704 1942 χορεῖον,
747 1873 1086 1926 ἀνάπαιστον
1125 1871 1215 1925 καὶ
1254 1873 1353 1924 τὸν
1393 1871 1692 1939 ὁμώνυμον
1732 1873 1948 1939 ἴαμβον,

261 1953 320 2006 ἐν
368 1951 428 2006 δὲ
475 1963 538 2024 τῇ
588 1954 818 2023 δευτέρα
864 1955 953 2008 καὶ
994 1964 1058 2024 τῇ
1097 1955 1323 2022 τετάρτῃ
1363 1955 1493 2015 τοὺς
1533 1952 1637 2004 άπὸ
1678 1955 1950 2021 βραχειῶν

194 2054 235 2085 20
261 2035 623 2103 ἀρχομένους,
671 2036 731 2088 ἐν
779 2033 838 2088 δὲ
886 2044 949 2105 τῇ
998 2035 1121 2105 ἕκτῃ
1172 2037 1372 2101 ἴαμβον
1419 2034 1451 2102 ἢ
1497 2037 1813 2102 πυρρίχιον·
1868 2036 1952 2084 δεῖ

260 2118 363 2184 γὰρ
413 2117 584 2184 αὐτὴν
630 2118 846 2179 πάντως
895 2115 1037 2169 εἶναι
1077 2117 1415 2182 δισύλλαβον
1454 2115 1542 2166 καὶ
1581 2116 1683 2182 τὴν
1721 2114 1826 2183 πρὸ
1867 2113 1949 2166 τέ-

261 2203 391 2260 λους
430 2197 576 2266 ἔχειν
614 2201 891 2267 βραχεῖαν.

380 2280 451 2331 Τὸ
494 2276 554 2332 δὲ
594 2279 783 2348 ἕτερον
822 2288 922 2332 τοῦ
965 2281 1222 2347 ἰαμβικοῦ
1262 2278 1464 2348 μέτρου
1504 2277 1668 2346 μέρος
1707 2281 1950 2329 καλεῖται

260 2363 512 2429 καθαρόν
551 2381 607 2412 τε
658 2362 749 2412 καὶ
789 2363 1093 2430 τρίμετρον.
1170 2362 1347 2430 τούτῳ
1389 2356 1448 2411 δὲ
1489 2358 1666 2426 ὀλίγοι
1707 2368 1817 2410 τῶν
1856 2358 1950 2427 άρ-

196 2466 237 2496 25
264 2443 432 2508 χαίων
482 2442 792 2510 ἐχρήσαντο.
872 2441 1084 2510 δέχεται
1132 2442 1192 2494 δὲ
1240 2439 1353 2510 [καὶ
1400 2440 1587 2509 τοῦτο]
1636 2439 1696 2492 ἐν
1745 2436 1846 2508 μὲν
1885 2447 1948 2508 τῇ

409 2586 561 2630 —M
595 2604 630 2629 τ.
665 2590 699 2629 λ.
734 2586 870 2629 inser.
906 2600 961 2629 ex
995 2587 1179 2642 schol&
1221 2587 1302 2630 sed
1336 2586 1393 2629 cf.
1427 2599 1533 2641 app.
1569 2586 1701 2628 Dion.
1730 2590 1901 2637 327,17
1936 2604 1949 2642 3

261 2650 287 2686 3
313 2661 359 2687 τε
384 2645 515 2688 Hom.
541 2645 545 2704 Ι
567 2645 851 2701 διατριφθὲν
877 2645 1072 2689 κάπτεσε
1096 2647 1174 2690 K
1191 2651 1218 2688 4
1245 2645 1441 2702 ὁμαλῶς]
1468 2648 1682 2700 μαλακῶς
1705 2644 1776 2687 Ps.
1797 2644 1947 2699 Heph.

264 2709 286 2753 ,S
315 2709 367 2747 14
421 2706 434 2760 ΙΙ
490 2709 514 2745 6
549 2703 601 2748 δέ
632 2704 676 2747 οἱ
709 2706 769 2756 Β,
802 2703 845 2747 οἱ
879 2704 1010 2747 Hom.
1059 2707 1073 2761 ΙΙ
1129 2710 1152 2746 9
1187 2720 1232 2747 π.
1269 2704 1432 2747 addidi
1466 2717 1519 2746 ex
1553 2704 1724 2747 schol.B
1761 2704 1808 2746 et
1841 2717 1946 2759 app.

260 2762 394 2805 Dion.
435 2765 449 2818 ΙΙ
492 2768 544 2806 12
578 2764 684 2817 περὶ
717 2739 776 2816 Β,
809 2763 926 2821 ἀρχὴ
962 2765 1015 2807 K
1055 2766 1068 2819 ΙΙ
1111 2768 1282 2806 19-20
1317 2763 1366 2807 ἐν
1400 2760 1827 2819 δὶς-ἀρχομένους
1859 2776 1946 2805 om.

263 2822 409 2875 13111,
451 2822 556 2864 add.
592 2822 667 2865 Β2
706 2822 754 2863 in
794 2823 1122 2878 mg.;sehol.1³
1159 2825 1206 2865 et
1250 2836 1355 2878 app.
1389 2822 1522 2865 Dion.
1565 2822 1670 2864 add.
1712 2819 1948 2865 τουτέστιν

264 2879 568 2934 ἀνάπαιστον,
601 2888 783 2938 χορεῖον
817 2882 896 2924 καὶ
929 2880 1097 2938 ἴαμβον
1133 2883 1147 2937 ΙΙ
1183 2887 1237 2923 25
1271 2899 1310 2925 κ
1343 2898 1380 2924 τ.
1414 2881 1589 2924 insulse
1622 2880 1784 2934 addit„
1819 2881 1950 2922 deest

257 2938 433 2982 schol.¹³
463 2941 510 2982 et
542 2953 646 2994 app.
683 2939 815 2982 Dion.
