2060 3168
116 665 134 696 5

91 1063 133 1095 10

92 1469 132 1501 15

91 1876 133 1907 20

92 2281 132 2313 25

161 183 270 236 250
610 183 922 226 ΓΕῼΡΓΙΟΤ
951 184 1394 226 ΧοῑΡοΒοΣΚοΤ

160 321 541 389 χοριαμβικόν,
602 317 851 371 τουτέστι
905 321 966 370 τὸ
1028 318 1100 386 μὴ
1156 316 1261 369 ἀπὸ
1317 317 1620 387 χοριάμβου
1675 319 1849 386 μόνον

160 403 544 468 συγκείμενον,
600 397 716 452 ἀλλ’
765 397 852 451 ἐπὶ
905 399 1081 470 τούτῳ
1135 396 1226 450 καὶ
1278 397 1382 450 ἀπὸ
1432 399 1614 451 ἄλλων
1658 399 1848 452 ποδῶν

158 481 603 548 συντεθειμένον.
680 478 771 532 καὶ
818 479 964 547 λέγει
1000 480 1063 531 τὸ
1104 487 1271 532 ποῖον
1308 480 1441 546 μετὰ
1477 481 1847 550 παραδείγμα-

158 583 264 630 τος,
304 564 365 615 τὸ
405 563 748 629 καλούμενον
786 560 877 614 καὶ
909 562 1224 629 Σαπφικόν,
1257 561 1318 613 τὸ
1353 558 1845 630 ἑνδεκασύλλαβον,

161 637 282 697 οἷον

305 719 673 787 ποικιλόφρον
713 713 943 768 άθανάτ’
979 714 1285 783 Άφρόδιτα.

158 797 267 868 ἔχει
313 800 417 868 γὰρ
465 800 565 867 τὴν
602 799 825 867 πρώτην
865 798 1130 864 συζυγίαν
1169 798 1465 866 τροχαῖκὴν
1505 795 1832 865 έξάσημον
1811 797 1844 865 ἠ

160 879 491 949 ἑπτάσημον,
546 878 833 932 τουτέστιν
888 877 946 930 ἐκ
1001 878 1103 930 δύο
1157 881 1430 979 τροχαίων
1485 877 1849 947 συγκειμένην

157 965 437 1031 τρισήιιων
476 962 678 1029 όντων,
727 961 759 1029 ἢ
800 958 859 1012 ἐκ
898 962 1157 1028 τροχαίου
1197 960 1287 1012 καί
1328 960 1651 1028 σπονδειόυ,
1692 979 1848 1012 τουτ-

159 1043 271 1095 έστι
319 1046 584 1112 τρισήμου
632 1040 722 1094 καὶ
769 1043 1136 1110 τετρασήμου,
1189 1041 1326 1093 ὥστε
1373 1034 1515 1093 εἶναι
1552 1042 1653 1110 τὴν
1693 1042 1847 1093 διπο-

159 1126 286 1176 διάν
341 1123 672 1192 ἑπτάσημον·
730 1121 938 1194 (ἰστέον
991 1122 1094 1190 γὰρ
1151 1121 1236 1175 ὅτι
1294 1122 1321 1190 ἡ
1375 1122 1678 1191 ἑπτάσημος
1724 1141 1847 1192 τρο-

157 1207 314 1274 χαϊκὴ
364 1204 452 1258 ἐπὶ
499 1205 691 1268 τέλους
738 1203 848 1273 ἔχει
894 1203 994 1255 τὸν
1033 1205 1354 1273 σπονδεῖον,
1403 1203 1526 1257 ὥστ’
1567 1197 1709 1256 εἶναι
1746 1205 1848 1273 τὴν

156 1289 475 1340 τελευταίαν
535 1295 636 1339 τοῦ
700 1286 1018 1355 διτροχαίου
1081 1284 1415 1355 ἀδιάφορον,
1484 1286 1698 1355 μακρὰν
1757 1286 1846 1338 καὶ

157 1371 439 1438 βραχεῖαν·
479 1370 694 1438 μακρὰν
733 1368 858 1435 μέν,
900 1368 988 1420 ὅτε
1029 1365 1179 1419 ἐστὶν
1219 1366 1546 1436 ἑπτάσημος,
1585 1370 1848 1437 βραχεῖαν

159 1449 242 1518 δέ,
295 1450 389 1503 ὅτε
431 1449 705 1519 ἑξάσημος.
784 1449 816 1516 ἡ
859 1449 920 1501 δὲ
961 1449 1182 1516 ιάμβικὴ
1224 1447 1282 1501 ἐκ
1322 1457 1421 1502 τοῦ
1463 1447 1717 1501 ἐναντίου
1760 1447 1846 1501 ἐπὶ

157 1539 252 1598 τῆς
300 1530 510 1602 άρχῆς)·
559 1530 651 1584 καὶ
697 1539 870 1583 ταῦτα
908 1530 1010 1597 μὲν
1050 1527 1137 1582 ἐπὶ
1177 1537 1272 1597 τῆς
1318 1531 1534 1599 πρώτης
1573 1533 1846 1599 συζυγίας.

157 1614 257 1681 τὴν
313 1614 374 1665 δὲ
429 1612 694 1682 δευτέραν
748 1614 1015 1680 συζυγίαν
1061 1609 1171 1680 ἔχει
1218 1614 1602 1680 χοριαμβικήν,
1652 1609 1847 1683 (οἱονεὶ

157 1696 551 1763 τροχιαμβικὴν
584 1695 655 1757 ὡς
686 1693 1044 1763 προέγνωμεν
1078 1692 1224 1761 [235,
1246 1692 1338 1762 15]
1370 1695 1471 1761 τὴν
1503 1691 1562 1745 ἐκ
1586 1697 1846 1762 τροχαίου

157 1776 246 1827 καὶ
304 1776 503 1844 ἰάμβου
560 1774 950 1844 συγκειμένην,
1007 1775 1179 1828 οἱονεὶ
1234 1772 1293 1826 ἐκ
1346 1781 1555 1843 μακρᾶς
1604 1772 1695 1825 καὶ
1744 1775 1845 1827 δύο

157 1859 428 1925 βραχειῶν
467 1855 557 1909 καὶ
597 1855 854 1927 μακρᾶς),
907 1856 1188 1926 ἑξάσημον.
1266 1857 1367 1924 τὴν
1407 1852 1467 1908 δὲ
1505 1857 1845 1923 κατακλεῖδα,

157 1938 405 1990 τουτέστι
444 1940 545 2006 τὴν
585 1937 818 2007 ἐσχάτην
858 1941 1123 2007 συζυγίαν
1163 1937 1476 2009 (τρίμετρον
1514 1937 1618 2005 γὰρ
1657 1937 1846 1989 ὑποτί-

157 2025 317 2071 θεται
363 2021 423 2072 τὸ
470 2017 720 2090 μέτρον),
769 2022 876 2088 ἔχει
917 2018 970 2082 ἐξ
1013 2020 1213 2088 ἰάμβου
1253 2019 1342 2071 καὶ
1383 2018 1608 2086 ἐσχάτης
1647 2021 1846 2070 συλλα-

157 2103 256 2167 βῆς
298 2101 606 2170 ἀδιαφόρου
648 2102 832 2170 οὔσης,
884 2101 1133 2154 τουτέστι
1171 2108 1243 2168 πῆ
1285 2097 1387 2167 μὲν
1425 2107 1632 2168 μακρᾶς
1670 2107 1742 2167 πῆ
1786 2100 1847 2152 δὲ

157 2184 425 2250 βραχείας.

271 2260 502 2333 (43,16)
542 2264 699 2316 Ὥετε
741 2263 874 2316 εἰναι
913 2264 1015 2332 (τὰ
1052 2264 1230 2316 πάντα
1271 2264 1368 2316 δύο
1414 2264 1651 2328 εχήματα
1690 2263 1846 2330 περὶ>

157 2346 254 2408 τὴν
309 2345 567 2409 τετάρτην
615 2346 894 2410 (υλλαβήν.
971 2352 1134 2398 τοῦτο
1183 2344 1249 2396 οὐ
1290 2345 1428 2413 πρὸς
1466 2345 1526 2395 τὸ
1567 2343 1844 2413 προσεχές,

159 2424 295 2477 ἀλλὰ
341 2426 475 2494 πρὸς
521 2427 581 2478 τὸ
623 2426 760 2493 ἄνω,
809 2419 950 2478 εἶναι
989 2427 1091 2494 τὴν
1128 2425 1393 2494 τετάρτην
1433 2426 1714 2493 συλλαβὴν
1751 2433 1846 2492 τῆς

280 2583 301 2619 1
337 2577 395 2633 μὴ
422 2592 509 2621 om
532 2579 605 2634 UH
630 2582 654 2620 3
683 2577 985 2633 συντεθειμέν
974 2578 1061 2636 ov]
1088 2575 1388 2635 συγκείμενον
1414 2578 1458 2622 U
1476 2579 1489 2634 ΙΙ
1514 2583 1540 2620 4
1565 2577 1644 2620 καὶ
1669 2591 1757 2621 0111
1777 2577 1821 2620 U
1831 2577 1844 2614 'l

161 2641 185 2678 6
217 2635 534 2691 ποικιλόφρων
560 2638 623 2690 Κ,
655 2635 940 2692 ποιλλόφρον
973 2651 1198 2692 suprascr
1233 2654 1280 2680 κι
1316 2638 1384 2693 ΠΙ
1413 2633 1646 2691 ἀφροδίτα
1679 2635 1811 2679 codd.
1830 2604 1844 2694 η

159 2699 184 2737 8
219 2693 517 2752 συγκείμενον
550 2697 625 2751 Ul!
653 2701 704 2739 11
739 2695 767 2751 ἡ
800 2710 886 2739 om.
917 2698 989 2752 U¹1
1017 2701 1068 2738 12
1101 2696 1202 2754 τὸν]
1235 2696 1286 2739 τὸ
1320 2696 1474 2751 U1115
1501 2695 1552 2738 δὲ
1578 2694 1722 2747 Stud„
1731 2694 1843 2769 γὰρ

159 2755 290 2797 codd.
317 2757 330 2810 ΙΙ
358 2760 469 2797 17-
476 2759 529 2798 18
563 2754 707 2798 οἱονεὶ
738 2754 1071 2812 τροχιαμβικὴν
1103 2755 1323 2798 Hoersoh.
1358 2754 1431 2809 (cf.
1461 2755 1666 2810 235,15)‚
1699 2752 1843 2797 οιονεὶ

157 2813 409 2885 τροχαικὴν
442 2814 503 2867 Κ,
538 2827 623 2856 om
654 2815 694 2858 U
732 2815 745 2869 ΙΙ
787 2817 958 2856 18--19
992 2812 1212 2871 τροχαίου
1246 2813 1422 2869 δηλαδὴ
1454 2813 1535 2856 καὶ
1567 2813 1622 2855 K
1654 2815 1668 2869 ΙΙ
1708 2817 1761 2855 22
1797 2813 1842 2865 ἐξ

160 2870 328 2928 ἰάμβου
363 2872 453 2928 ἔχει
486 2874 540 2945 K
580 2875 593 2929 ΙΙ
642 2877 695 2915 25
729 2872 934 2928 explevit:
965 2886 1020 2915 ex
1051 2873 1200 2928 Heph.
1235 2872 1455 2916 Hocrsch.
1495 2874 1510 2928 ΙΙ
1557 2876 1611 2914 26
1644 2871 1761 2927 πρὸς
1790 2871 1842 2915 τὸ

159 2945 246 2973 om.
274 2931 437 2986 111127
470 2931 521 2974 τὸ
555 2930 731 2986 scripsi,
764 2931 822 2974 τὰ
854 2931 984 2974 codd.
1016 2933 1021 2987 Ι
1049 2931 1133 2987 τὴν
1166 2931 1395 2989 συλλαβὴν
1429 2931 1474 2975 U

1879 806 1935 846 85
