2060 3168
216 129 322 181 326
798 129 1049 171 APPEND.
1082 130 1321 172 DIONYS.

326 264 374 316 4.
416 263 695 332 λαγαρὸς
735 263 813 333 (Γ
834 260 963 333 172)

365 361 575 421 αἰδοῖός
613 357 675 410 τέ
709 378 802 425 μοι
842 356 977 426 ἐσσί,
1019 359 1146 426 φίλε
1186 357 1364 427 ἑκυρέ,
1406 360 1586 422 δεινός
1625 376 1702 412 τε·

217 456 462 509 ἐνταῦθα
516 457 568 508 οἱ
625 455 726 507 δύο
772 455 936 515 πόδες
984 455 1035 506 οἱ
1085 453 1144 506 ἐν
1190 461 1265 526 τῷ
1305 454 1451 527 μέσῳ
1500 455 1603 508 ἀπὸ
1650 456 1906 524 βραχείας

217 539 476 606 ἄρχονται
514 537 606 589 καὶ
647 535 1007 587 συστέλλουσι
1047 536 1147 603 τὴν
1185 534 1350 588 θέσιν
1387 544 1486 589 τοῦ
1526 536 1743 607 μέτρου.
1813 540 1902 589 λα-

173 640 190 672 5
217 620 389 686 γαρὸν
430 618 490 670 δὲ
528 618 588 669 τὸ
629 615 966 684 ἐσφιγμένην
1005 613 1135 685 ἕχον
1171 618 1273 685 τὴν
1312 617 1564 687 γαστέρα.

327 709 374 760 5.
414 709 723 774 μείουρος
763 703 856 774 (M
876 701 1032 775 208)

371 799 550 862 Τρῶες
589 793 637 846 δ’
678 792 993 862 ἐρρίγησαν,
1035 793 1182 856 ὅπως
1223 795 1346 847 ἴδον
1386 796 1579 848 αἰόλον
1617 796 1772 863 ὅφιν·

215 891 243 944 ὁ
285 890 345 944 ἐν
385 891 525 944 τέλει
571 892 710 951 ποὺς
749 889 853 942 ἀπὸ
893 892 1148 959 βραχείας
1187 889 1412 960 ἤρξατο,
1454 891 1585 960 ὅπερ
1626 901 1774 958 μειοῖ
1808 893 1907 945 τὸν

214 974 356 1025 πόδα
394 973 491 1025 τὸν
531 971 592 1024 ἐν
630 979 694 1040 τῇ
735 971 897 1041 οὐρᾷ·
937 970 1027 1024 καὶ
1069 973 1161 1024 δια
1199 979 1364 1025 τοῦτο
1405 975 1681 1042 μείουρος·

150 1082 192 1114 10
330 1063 376 1113 6.
416 1060 861 1131 μακροσκελής
902 1059 946 1130 (ι
971 1059 1125 1131 347)-

364 1150 627 1218 Κύκλωψ,
653 1157 733 1220 τῆ,
758 1150 848 1201 πίε
873 1145 1047 1217 οἶνον,
1074 1149 1187 1202 ἐπεὶ
1214 1150 1386 1218 φάγες
1410 1149 1685 1219 ἀνδρόμεα
1715 1150 1869 1220 κρέα·

216 1245 243 1298 ὁ
286 1244 345 1298 ἐν
383 1244 524 1298 τέλει
571 1247 711 1306 ποὺς
749 1245 1138 1314 τρισύλλαβος,
1191 1245 1323 1313 ὅπερ
1366 1245 1657 1315 ἀλλότριον
1698 1249 1906 1315 στίχου,

215 1325 305 1379 καὶ
362 1327 452 1379 διὰ
497 1334 662 1378 τοῦτο
710 1329 1104 1395 μακροσκελής,
1161 1327 1232 1389 ὡς
1279 1327 1416 1395 ὑπὲρ
1473 1327 1575 1379 δύο
1626 1329 1905 1396 συλλαβὰς

215 1406 356 1476 ἔχων
395 1409 492 1461 τὸν
531 1410 846 1460 τελευταῖον
884 1409 1043 1460 πόδα.

150 1635 191 1667 15
944 1613 1068 1683 Cap.
1092 1612 1182 1666 IX.

411 1732 818 1803 “Ηρωδιανοῦ
858 1733 1005 1802 περὶ
1045 1735 1283 1802 στίχων
1321 1698 1431 1803 τῆς
1470 1733 1712 1797 λέξεως.

330 1856 529 1921 Στίχος
569 1851 682 1904 ἐστὶ
723 1853 1017 1918 συλλαβῶν
1048 1850 1136 1904 καὶ
1170 1851 1368 1915 λέξεων
1408 1854 1693 1921 σύνθεσις,
1734 1853 1907 1921 δηλω-

218 1934 366 1995 τικὸς
414 1935 747 2003 συμμετρίας
793 1932 882 1985 καὶ
933 1933 1222 2001 μεγέθους.
1300 1934 1417 2002 εἴδη
1460 1931 1519 1986 δὲ
1560 1936 1760 2003 στίχων
1801 1932 1906 1986 εἰσὶ

220 2015 477 2067 δεκαδύο·
523 2016 826 2083 ἰσόχρονος,
867 2014 1285 2084 ἀπηρτισμένος,
1325 2014 1612 2083 ἀκέφαλος,
1653 2017 1907 2084 λαγαρός,

151 2115 195 2146 20
219 2098 491 2164 μείουρος,
542 2097 759 2164 τραχύς,
805 2096 1186 2163 μαλακοειδής,
1225 2097 1564 2164 κακόφωνος,
1605 2097 1907 2164 λογοειδής,

220 2177 583 2246 προκέφαλος,
625 2179 875 2245 σφηκίας,
917 2179 1256 2246 δολιχοῦρος.

336 2261 378 2309 1.
449 2260 796 2326 ι’σόχρονος
850 2255 950 2324 μὲν
1005 2254 1108 2310 οὖν
1164 2257 1313 2310 ἐστιν
1365 2257 1392 2310 ὁ
1449 2257 1539 2310 καὶ
1587 2259 1652 2310 τὰ
1699 2258 1906 2327 μεγέθη

341 2438 391 2474 11
436 2433 491 2476 cf.
527 2433 670 2476 schol.
705 2432 909 2489 (Herod.)
944 2433 1004 2475 ad
1039 2435 1079 2477 Ο
1106 2437 1187 2476 187
1222 2433 1407 2490 (Herod.
1443 2434 1513 2476 ed.
1548 2433 1690 2476 Lentz
1722 2433 1764 2475 Π
1789 2435 1862 2489 93)
1894 2434 1908 2490 Η

224 2496 277 2534 16
310 2492 399 2534 AV
428 2497 679 2535 185—188.
712 2518 770 2523 —
802 2492 1021 2535 Ps.P1ut.
1052 2492 1132 2534 VII
1157 2497 1242 2536 468
1283 2492 1370 2548 (ed.
1407 2492 1535 2536 Stud.
1568 2492 1617 2534 in
1650 2491 1815 2534 Philol.
1851 2497 1906 2534 46

221 2565 264 2605 p.
293 2553 365 2607 31)

343 2702 366 2738 3
401 2696 449 2740 ἐν
483 2712 568 2740 om.
597 2699 641 2740 P
669 2699 682 2754 Η
714 2702 740 2739 4
772 2697 876 2741 fort.
911 2698 1132 2742 σύνθεσιν
1157 2701 1171 2755 Η
1197 2704 1220 2742 7
1255 2697 1397 2758 ὅπως]
1432 2699 1529 2743 ἐπεὶ
1562 2699 1647 2754 KH
1673 2702 1697 2740 9
1731 2698 1787 2742 οὐ
1819 2698 1906 2754 γὰρ

217 2762 436 2810 μειοῦρος
459 2758 677 2811 (μυοῦρος
702 2758 773 2811 Κ)
807 2757 913 2800 add.
934 2759 1058 2811 PK3
1091 2758 1140 2800 in
1169 2759 1334 2802 ceteris
1367 2759 1503 2801 huius
1537 2757 1718 2813 generis
1744 2771 1905 2800 comm.

225 2813 355 2856 deest
393 2817 406 2870 Η
448 2820 501 2858 14
535 2815 650 2871 ἔχων
683 2815 758 2858 ὑπ.
793 2817 832 2858 δ.
869 2830 905 2859 σ.
935 2817 986 2858 K
1019 2820 1032 2871 Η
1076 2822 1125 2859 17
1163 2816 1314 2875 στίχος
1345 2818 1436 2862 ἐστι
1468 2817 1627 2869 λέξεως
1659 2818 1909 2871 δηλωτικῆς

218 2873 479 2928 σύμμετρον
511 2873 709 2930 μέγεθος
742 2875 785 2916 P
817 2877 831 2931 ss
864 2880 917 2917 22
951 2874 1007 2918 τὰ
1040 2889 1127 2918 om.
1155 2878 1199 2920 P
