2060 3168
216 178 325 229 310
797 178 1048 220 APPEND.
1081 179 1320 221 DIONYS.

214 318 456 366 καλεῖται
495 314 738 381 κωμικόν
776 331 832 364 τε
872 310 962 364 καὶ
993 314 1271 380 τραγικόν,
1313 305 1350 384 ᾆ
1389 311 1479 365 καὶ
1510 322 1622 366 τῶν
1651 318 1902 366 παλαιῶν

217 396 269 446 οἱ
314 393 511 447 πολλοὶ
557 396 980 462 κατεχρήσαντο·
1034 391 1245 460 δέχεται
1294 393 1356 446 δὲ
1393 401 1556 447 τοῦτο
1598 393 1658 447 ἐν
1697 392 1798 463 μὲν
1836 403 1900 465 τῇ

214 477 400 544 πρώτῃ
443 474 532 527 καὶ
572 477 725 544 τρίτῃ
766 474 854 525 καὶ
894 472 1106 543 πέμπτῃ
1147 473 1304 542 βάσει
1339 476 1513 537 πόδας
1544 474 1720 544 πέντε,
1761 475 1899 544 λέγω

216 558 282 625 δὴ
324 557 614 624 δάκτυλον,
657 555 971 622 σπονδεῖον,
1020 563 1256 623 χορεῖον,
1297 555 1638 608 ἀνάπαιστον
1676 555 1766 609 καὶ
1805 558 1902 610 τὸν

171 658 190 690 5
216 637 510 706 ὁμώνυμον
552 639 767 705 ἴαμβον,
809 635 869 688 ἐν
909 635 970 688 δὲ
1007 643 1071 705 τῇ
1113 635 1341 706 δευτέρᾳ
1379 637 1468 689 καὶ
1508 637 1733 707 τετάρτῃ
1773 640 1902 700 τοὺς

216 719 321 771 ἀπὸ
361 721 617 787 βραχειάς
660 715 1021 786 ἀρχομένους,
1068 717 1354 770 τουτέστιν
1401 717 1764 787 ἀνάπαιστον,
1811 739 1900 787 χο-

215 809 366 866 ρεῖον
404 800 493 852 καὶ
535 801 751 867 ἴαμβον,
801 796 861 850 ἐν
902 798 963 850 δὲ
1001 806 1064 867 τῇ
1107 797 1230 867 ἕκτῃ
1271 798 1473 866 ἴαμβον
1512 800 1545 868 ἢ
1583 801 1900 869 πυρρίχιον·

215 883 300 934 δεῖ
337 882 440 950 γὰρ
485 881 657 948 αὐτὴν
696 879 913 941 πάντως
961 873 1102 932 εἶναι
1151 880 1488 948 δισύλλαβοι)
1527 879 1617 933 καὶ
1656 882 1756 949 τὴν
1795 882 1901 950 πρὸ

213 961 405 1023 τέλους
459 955 600 1013 εἶναι
654 963 931 1029 βραχεῖαν.
1024 960 1096 1012 Τὸ
1152 956 1212 1012 δὲ
1263 960 1452 1030 ἕτερον
1497 969 1596 1014 τοῦ
1624 963 1900 1030 ’ἰαμβικοῦ

148 1063 190 1095 10
213 1042 415 1111 μέτρου
478 1041 641 1112 μέρος
707 1045 948 1093 καλεῖται
1009 1043 1261 1111 καθαρόν
1321 1061 1378 1094 τε
1439 1043 1526 1094 καὶ
1589 1045 1902 1112 τρίμετρον·

213 1125 388 1195 τούτῳ
431 1120 490 1175 δὲ
532 1123 712 1190 ὀλίγοι
751 1131 862 1174 τῶν
909 1121 1151 1191 ἀρχαίων
1198 1120 1513 1191 ἐχρήσαντο.
1590 1124 1801 1193 δέχεται
1841 1124 1902 1177 δὲ

214 1205 274 1257 ἐν
321 1206 421 1271 μὲν
467 1213 532 1274 τῇ
579 1205 764 1273 πρώτῃ
817 1202 973 1270 βάσει
1015 1202 1215 1270 ἴαμβον
1253 1201 1344 1255 καὶ
1386 1205 1699 1273 σπονδεῖον,
1740 1204 1800 1257 ἐν
1841 1202 1902 1258 δὲ

213 1295 275 1356 τῇ
319 1286 547 1356 δευτέρα
587 1286 786 1352 ἴαμβον
824 1286 1022 1352 μόνον,
1075 1283 1135 1337 ἐν
1176 1281 1236 1337 δὲ
1274 1292 1338 1354 τῇ
1377 1287 1530 1355 τρίτῃ
1573 1288 1772 1354 ἴαμβον
1811 1285 1901 1339 καὶ

214 1369 510 1420 σπονδεῖον
549 1368 685 1419 κατὰ
723 1370 952 1434 μίμησιν
991 1373 1084 1433 τῆς
1123 1366 1354 1434 πρώτης,
1395 1365 1456 1418 ἐν
1488 1367 1549 1419 δὲ
1579 1375 1643 1437 τῇ
1676 1369 1899 1437 τετάρτῃ

148 1470 188 1502 15
212 1451 385 1515 μόνον
413 1452 612 1516 ἴαμβον
637 1449 771 1500 κατὰ
792 1451 1021 1515 μίμησιν
1045 1455 1139 1514 τῆς
1158 1446 1431 1517 δευτέρας,
1451 1446 1512 1500 ἐν
1531 1445 1590 1500 δὲ
1607 1457 1670 1518 τῇ
1688 1448 1900 1519 πέμπτῃ

211 1531 380 1583 πάλιν
403 1532 469 1582 τὰ
494 1538 594 1582 τοῦ
627 1531 866 1597 πρώτου,
898 1528 957 1580 ἐν
983 1525 1043 1580 δὲ
1068 1537 1131 1598 τῇ
1158 1527 1283 1598 ἕκτῃ
1311 1531 1510 1595 ἴαμβον
1535 1530 1566 1597 ἢ
1591 1532 1899 1599 πυρρίχιον.

331 1608 486 1674 Τινὲς
526 1608 586 1664 δὲ
628 1612 946 1679 διαιροῦσιν
978 1611 1054 1672 εἰς
1095 1610 1198 1662 δύο
1230 1617 1330 1662 τοῦ
1365 1610 1566 1678 ἰάμβου
1597 1611 1692 1673 τὰς
1723 1613 1899 1681 χώρας

210 1693 298 1744 καὶ
331 1694 426 1755 τὰς
457 1689 558 1759 μὲν
588 1692 858 1759 περιττάς,
891 1692 985 1753 τὰς
1018 1691 1079 1743 δὲ
1111 1690 1334 1760 ἀρτίους
1365 1696 1653 1744 καλοῦσιν·
1686 1693 1775 1744 καὶ
1807 1711 1900 1745 πε-

214 1775 397 1842 ριττὰς
420 1774 520 1840 μὲν
547 1773 875 1841 ὀνομάζουσι
899 1774 1010 1841 τὴτ.
1022 1774 1261 1840 πρώτην,
1286 1773 1387 1840 τὴν
1411 1775 1617 1841 τρίτην,
1644 1774 1746 1841 τὴν
1769 1773 1900 1842 πέμ-

145 1877 188 1908 20
212 1873 369 1923 πτην,
395 1854 615 1923 ἀρτίους
646 1851 704 1906 δὲ
734 1855 835 1921 τὴν
865 1855 1146 1923 δευτέραν,
1171 1855 1271 1922 τὴν
1295 1854 1574 1922 τετάρτην,
1599 1856 1699 1923 τὴν
1723 1853 1898 1924 ἕκτην.

323 1937 371 1989 2.
413 1935 635 2004 Ἴαμβος
682 1932 742 1987 δὲ
784 1934 991 2004 ἐκλήθη
1031 1936 1091 1987 τὸ
1132 1935 1350 2004 μέτρον,
1390 1933 1610 2004 ἐπείπερ
1652 1937 1704 1988 οἱ
1743 1936 1899 2004 ὑβρί-

212 2017 392 2081 ζοντές
430 2038 584 2079 τινας
623 2015 712 2069 καὶ
754 2018 1031 2086 λοιδορεῖν
1071 2018 1402 2083 βουλόμενοι
1441 2018 1617 2086 τούτῳ
1659 2016 1898 2086 ἐχρῶντο

211 2105 288 2169 τῷ
333 2098 532 2169 μέτρῳ·
590 2099 856 2165 ἰαμβίζειν
902 2099 1005 2166 γὰρ
1053 2095 1246 2165 ἔλεγον
1287 2098 1339 2149 οἱ
1378 2099 1602 2150 παλαιοὶ
1641 2100 1702 2150 τὸ
1742 2099 1899 2168 ὑβρί-

213 2183 336 2244 ζειν.
397 2180 501 2248 <ἢ>
539 2180 685 2247 παρὰ
725 2179 784 2230 τὸ
828 2180 914 2231 ἰὸν
954 2180 1154 2247 βάζειν,
1196 2178 1329 2247 ὅπερ
1373 2177 1522 2231 ἐστὶν
1563 2181 1651 2232 ἰοῦ
1683 2181 1773 2233 καὶ
1812 2199 1899 2233 πι-

145 2282 186 2314 25
212 2263 368 2330 κρίας
417 2260 690 2326 ἀνάμεστα
744 2260 956 2328 ῥήματα
1003 2259 1205 2328 λέγειν·
1260 2259 1291 2327 ἢ
1341 2259 1446 2311 ἀπὸ
1499 2259 1708 2329 Ἰάμβης
1755 2261 1896 2314 οὕτω

211 2341 551 2409 καλουμένης
604 2343 791 2410 κόρης,
847 2342 964 2408 ἥτις
1018 2342 1252 2410 αἰσχρῶς
1305 2341 1639 2409 ὑβρισθεῖσα
1694 2342 1897 2412 ἀγχόνῃ

211 2422 471 2475 κατέλυσε
517 2423 615 2475 τὸν
661 2424 810 2490 βίον,
859 2422 989 2488 ὅπερ
1036 2423 1126 2474 καὶ
1174 2423 1230 2473 αἱ
1271 2424 1618 2489 Λυκαμβίδες
1658 2421 1745 2476 ἐπὶ
1785 2432 1898 2485 τοῖς

210 2502 526 2572 Ἀρχιλόχου
581 2503 966 2570 <πεπόνθασι>
1019 2506 1298 2571 ποιήμασι.
1391 2505 1483 2556 διὰ
1543 2506 1704 2556 τοῦτό
1759 2518 1895 2572 φασι

331 2638 385 2675 28
418 2633 630 2676 Eustath.
659 2634 719 2675 ad.
750 2635 773 2676 λ
791 2636 875 2674 278
901 2648 944 2689 p.
969 2636 1186 2688 1684‚46;
1220 2634 1281 2684 ὡς
1303 2633 1354 2677 τὸ
1379 2641 1462 2677 τοῦ
1488 2631 1739 2692 Ἀρχιλόχου
1765 2637 1899 2690 δηλοῖ

210 2690 404 2747 ποίημα,
438 2690 548 2747 ὅπερ
574 2689 869 2749 Λυκαμβίδες
899 2695 1104 2736 καλεῖται
1129 2693 1227 2736 cod.
1246 2691 1343 2735 Pal.
1364 2697 1448 2736 356
1475 2695 1526 2749 (s.
1546 2692 1666 2748 XIV)
1690 2693 1769 2736 fol.
1789 2698 1896 2736 163*

332 2806 355 2843 9
391 2798 530 2860 εἶναι]
567 2802 685 2859 ἔχειν
718 2801 838 2845 Chis.
874 2807 898 2854 ξ
928 2807 979 2844 12
1020 2804 1033 2858 ΙΙ
1073 2807 1126 2845 21
1162 2803 1221 2846 ab
1253 2805 1366 2847 λοιδ.
1401 2804 1440 2861 β.
1474 2803 1613 2858 incip.
1642 2804 1687 2846 P
1725 2806 1738 2859 ΙΙ
1779 2808 1834 2846 24
1866 2802 1894 2859 ἢ

213 2874 268 2903 ex
300 2859 437 2903 Helia
469 2861 558 2902 AV
580 2866 659 2904 171
696 2861 818 2914 add.‚
852 2874 939 2904 om.
966 2862 1010 2905 P
1046 2863 1060 2918 Η
1100 2866 1154 2905 28
1187 2860 1456 2905 πεπόνθασι
1487 2862 1661 2916 Heliae,
1694 2876 1782 2906 om.
1810 2864 1855 2907 P
1887 2866 1892 2918 Ι

210 2933 329 2974 φασι
363 2919 525 2974 scripsi
558 2933 611 2962 ex
645 2919 826 2972 schol.¹³,
861 2919 947 2977 γὰρ
981 2921 1027 2964 P
