2060 3168
0 336 84 398 181)

621 169 662 209 V
699 168 844 209 ΠΕΡΙ
875 167 1299 209 ΧΟΡΙΑΜΒΙΚΟΤ
1695 165 1805 218 385

868 343 978 400 Cap.
1004 344 1058 387 V.

631 432 687 478 ε’.
729 433 869 487 Περὶ
900 434 1293 492 χοριαμβικοῦ.

235 516 316 563 Ἐκ
356 527 448 565 τῶν
486 522 648 566 ποδῶν
686 521 744 565 τὰ
783 520 924 578 μέτρα
966 519 1247 566 συνίσταται.
1313 521 1493 566 guez&
1525 529 1615 566 τῶν
1648 523 1806 566 ποδῶν

120 584 164 629 οἱ
195 586 278 641 μὲν
310 587 591 645 δισύλλαβοι,
625 587 669 632 οἱ
701 588 752 632 δὲ
783 589 1092 646 τρισύλλαβοι,
1125 587 1169 632 οἱ
1201 588 1252 632 δὲ
1283 587 1652 646 τετρασύλλαβοι,
1685 589 1808 640 εἰκὸς

119 652 199 696 καὶ
237 652 294 696 τὰ
334 651 475 710 μέτρα
515 650 638 698 εἶναι
675 662 882 698 τοιαῦτα.
946 654 1248 712 διαλαβόντες
1279 651 1364 699 οὖν
1395 655 1500 710 περὶ
1530 663 1624 699 τῶν
1657 655 1705 699 ἐκ
1738 657 1807 699 δι-

120 718 357 777 συλλάβων
397 720 475 764 καὶ
507 720 820 779 τρισυλλάβων
850 723 1010 766 ποδῶν
1043 720 1353 777 συγκειμένων
1386 719 1560 777 μέτρων
1591 722 1671 765 καὶ
1701 723 1808 776 περὶ

118 793 209 829 τῶν
243 786 292 830 ἐκ
323 786 698 845 τετρασυλλάβων
732 787 931 844 εἴπωμεν
962 789 1041 832 καὶ
1072 795 1258 844 πρῶτον
1285 788 1391 844 περὶ
1415 795 1496 832 τοῦ
1521 787 1808 845 καλουμένου

118 854 437 910 χοριαμβικοῦ.
508 854 607 897 Δύο
656 853 742 910 γάρ
792 855 879 898 εἰσι
926 853 1068 910 μέτρα
1109 853 1167 897 τὰ
1213 853 1262 898 ἐκ
1310 854 1596 913 δισυλλάβων
1634 856 1808 909 ποδῶν,

119 919 337 976 ἰαμβικὸν
370 919 449 963 καὶ
479 919 751 978 τροχαϊκόν,
791 921 877 964 δύο
910 921 961 965 δὲ
992 921 1050 964 τὰ
1083 922 1132 964 ἐκ
1162 919 1497 980 τρισυλλάβων,
1530 922 1808 966 δακτυλικὸν

118 985 199 1028 καὶ
247 985 610 1040 ἀναπαιστικόν,
657 987 714 1031 τὰ
752 987 891 1032 λοιπὰ
932 987 983 1031 δὲ
1020 986 1078 1031 τὰ
1119 986 1168 1031 ἐκ
1207 987 1602 1046 τετρασυλλάβων,
1649 986 1807 1032 πέντε·

116 1051 437 1110 χοριαμβικόν,
477 1053 852 1108 ἀντισπαστικόν,
893 1053 1084 1098 ἰωνικὸν
1116 1053 1209 1097 ἀπὸ
1244 1052 1463 1109 μείζονος,
1497 1054 1687 1098 ἰωνικὸν
1719 1052 1805 1098 ἀπ’

121 1118 366 1170 ἐλάσσονος
395 1119 476 1163 καὶ
506 1119 779 1165 παιωνικόν.

231 1183 391 1242 ξΗμεῖς
430 1187 587 1242 μέντοι
625 1194 723 1238 τοῖς
751 1190 972 1239 παλαιοῖς
1004 1186 1221 1243 ἑπόμενοι
1253 1195 1502 1244 μετρικοῖς,
1534 1185 1813 1247 (Ηρωδιανῷ

119 1251 200 1295 καὶ
232 1249 541 1308 εΗφαιστίωνι
581 1253 661 1296 καὶ
698 1261 796 1303 τοῖς
843 1253 1016 1307 ἄλλοις,
1064 1253 1115 1297 τὸ
1165 1254 1469 1312 χοριαμβικὸν
1514 1253 1678 1309 μέτρον
1717 1261 1809 1298 τῶν

120 1317 269 1363 ἄλλων
307 1318 646 1375 προτάττομεν,
688 1317 758 1363 ὅτι
797 1320 1019 1378 σύνεγγύς
1051 1321 1142 1364 ἐστι
1177 1321 1256 1364 καὶ
1287 1319 1462 1375 τρόπον
1492 1320 1599 1364 τινὰ
1633 1317 1809 1378 ἐγγίζον

117 1392 217 1434 τοῖς
253 1385 345 1440 πρὸ
379 1393 545 1440 μικροῦ
578 1387 847 1444 διδαχθεῖσι
879 1386 1080 1443 μέτροις,
1124 1389 1383 1446 δακτυλικῷ
1413 1403 1461 1431 τε
1493 1387 1573 1430 καὶ
1605 1388 1809 1431 ἀναπαι-

119 1455 266 1512 στικῷ.
327 1459 408 1496 τοῦ
450 1452 537 1508 γὰρ
577 1453 834 1512 χοριάμβου
869 1454 1017 1504 ποδὸς
1049 1476 1208 1497 -υυ-
1242 1454 1282 1497 εἰ
1314 1452 1396 1509 μὲν
1428 1453 1512 1510 τὴν
1543 1451 1810 1498 τελευταίαν

120 1517 398 1575 ἀφαιρήσειέ
428 1536 498 1571 τις
530 1520 773 1578 συλλαβήν,
806 1519 1035 1564 δάκτυλον
1067 1518 1346 1574 ἀποτελέσει,
1378 1520 1419 1564 εἰ
1450 1519 1502 1564 δὲ
1533 1519 1616 1576 τὴν
1647 1519 1809 1575 προτέ-

120 1602 230 1639 ραν,
270 1585 575 1630 ἀνάπαιστον.
637 1587 732 1630 Καὶ
771 1586 858 1643 γὰρ
899 1585 1151 1645 χορίαμβος
1188 1586 1307 1638 πούς
1338 1587 1460 1631 ἐστιν
1493 1585 1516 1630 ὁ
1551 1586 1600 1631 ἐκ
1632 1594 1812 1642 μακρᾶς

119 1652 198 1695 καὶ
223 1652 309 1695 δύο
335 1653 562 1710 βραχειῶν
587 1653 666 1696 καὶ
691 1660 871 1709 μακρᾶς
895 1655 1131 1711 συλλαβῆς,
1158 1650 1259 1697 οἷον
1279 1651 1520 1697 ‘gualgani
1562 1651 1809 1710 Χορίαμ-

121 1720 216 1777 βος
255 1718 316 1776 δὲ,
348 1718 710 1775 ὀνομάζεται,
752 1717 821 1764 ὄτι
854 1720 903 1763 ἐκ
935 1718 1154 1777 τροχαίου
1186 1720 1265 1763 καὶ
1298 1717 1467 1777 ἰάμβου
1498 1718 1672 1775 τρόπον
1704 1719 1810 1763 τινὰ

121 1784 376 1842 σύγκειται,
416 1784 697 1845 τροχίαμβός
734 1803 803 1838 τις
835 1786 911 1830 ὤν.
977 1787 1076 1831 ἐπεὶ
1109 1785 1159 1830 δὲ
1193 1785 1216 1829 ὁ
1248 1793 1463 1843 τροχαῖος
1494 1788 1699 1830 καλεῖται
1731 1786 1810 1829 καὶ

121 1859 302 1909 χορεῖος
350 1852 429 1896 διὰ
475 1853 527 1896 τὸ
577 1853 626 1896 ἐν
666 1861 763 1904 τοῖς
801 1860 957 1911 χοροῖς
999 1852 1453 1910 παραλαμβάνεσθαι
1491 1852 1548 1896 τὰ
1585 1852 1810 1911 τροχαϊκὰ

122 1917 264 1974 μέτρα
295 1918 426 1974 παρὰ
457 1927 548 1963 τῶν
581 1927 795 1974 κωμικῶν
818 1935 866 1964 τε
899 1920 976 1963 καὶ
999 1926 1245 1977 τραγικῶν,
1277 1917 1530 1976 χορίαμβος
1554 1918 1577 1962 ὁ
1602 1926 1812 1970 τοιοῦτος

121 1986 240 2037 ποὺς
270 1983 449 2041 λέγεται
481 1986 562 2029 διὰ
592 1993 740 2030 τοῦτο.

247 2052 310 2096 Τὸ
342 2051 504 2097 τοίνυν
536 2052 838 2111 χοριαμβικὸν
872 2051 1051 2108 μέτρον,
1084 2053 1124 2097 εἰ
1156 2051 1237 2108 μὲν
1271 2053 1506 2108 σύγκειται
1538 2052 1587 2096 ἐκ
1619 2051 1811 2109 χοριάμ-

0 2118 90 2180 Ι82)
125 2120 219 2198 βων
251 2120 410 2162 ποδῶν
443 2118 618 2171 διόλου,
650 2119 868 2174 καθαρὸν
895 2118 1179 2174 ὀνομάζεται,
1213 2119 1252 2162 εἰ
1276 2115 1323 2162 δ’
1350 2117 1425 2162 ἐπὶ
1447 2116 1565 2162 τέλει
1589 2115 1811 2161 διποδίαν

0 2646 15 2957 ιῆα--ὼ-π-νγψ
2 2607 9 2630 ’-
3 2571 7 2588 ν-

123 2184 150 2240 ἢ
184 2182 475 2241 μονοποδίαν
520 2184 739 2242 ἰαμβικην
778 2184 935 2242 λάβοι,
975 2183 1214 2240 ἐπίμικτον
1246 2183 1436 2242 λέγεται.
1501 2185 1607 2227 Εἰσὶ
1639 2183 1690 2228 δὲ
1719 2192 1811 2228 τῶν

124 2249 446 2306 προτεθέντων
501 2250 611 2306 ἡμῖν
665 2253 979 2309 χοριαμβικῶν
1034 2251 1156 2296 ἐπῶν
1203 2251 1259 2295 τὰ
1314 2250 1395 2306 μὲν
1448 2249 1652 2306 πρότερα
1705 2248 1812 2306 τρία

126 2317 332 2371 καθαρά,
365 2317 422 2360 τὰ
455 2316 506 2361 δὲ
541 2317 705 2373 ἐφεξῆς
735 2318 820 2361 δύο
855 2316 1069 2373 ἐπίμικτα
1101 2325 1198 2369 τοῖς
1229 2317 1424 2375 ἰάμβοις.

240 2381 506 2434 Ἀποθέσεις
538 2383 588 2427 δὲ
624 2382 720 2438 ἤτοι
753 2383 1022 2439 καταλήξεις
1054 2384 1143 2442 ἔχει
1168 2384 1224 2427 τὰ
1249 2382 1528 2441 χοριαμβικὰ
1552 2382 1630 2426 κάὶ
1655 2382 1812 2434 ἁπλῶς

124 2451 181 2494 τὰ
214 2451 263 2494 ἐκ
294 2450 669 2508 τετρασυλλάβων
693 2453 853 2494 ποδῶν
877 2450 1033 2507 μέτρα,
1066 2450 1212 2507 μόνας
1234 2450 1424 2500 ταύτας·
1459 2449 1810 2506 καταληκτικόν,

124 2517 552 2573 ὑπερκατάληκτον,
585 2518 923 2573 ἀκατάληκτον·
970 2518 1405 2575 βραχυκατάληκτον
1438 2515 1511 2569 δέ,
1553 2516 1613 2567 ὡς
1644 2515 1687 2559 οἱ
1719 2516 1810 2570 πρὸ

126 2583 253 2640 ἡμῶν
293 2581 498 2639 μετρικοί
537 2598 703 2639 φασιν,
748 2584 801 2627 οὐ
842 2582 1046 2640 δέχεται,
1089 2582 1165 2628 ἵνα
1207 2582 1265 2638 μὴ
1306 2590 1402 2632 τοῖς
1442 2583 1491 2626 ἐκ
1524 2583 1810 2640 δισυλλάβων

247 2737 300 2774 13
333 2731 588 2775 Herodiani
621 2731 901 2775 auctoritate
939 2731 1173 2774 interdum
1205 2731 1328 2774 male
1359 2730 1431 2773 usi
1465 2743 1564 2773 esse
1598 2730 1812 2773 videntur

127 2790 398 2846 Byzantini3
433 2790 487 2834 cf.
523 2803 629 2846 app.
663 2790 797 2834 Dion.
831 2806 876 2846 p.
904 2794 1003 2843 326,
1024 2795 1076 2833 16

247 2920 272 2958 8
305 2916 361 2960 τὰ
395 2917 572 2973 scripsi,
605 2923 694 2961 τῶν
728 2918 832 2960 PK
851 2919 865 2972 ΙΙ
890 2921 944 2958 32
978 2916 1179 2959 debebat
1210 2914 1547 2971 καταληκτικήν

218 2999 478 3031 ΗΕΡΗΑΕετΙο
504 2999 559 3030 ed.
580 2999 865 3031 Consbruoh.
1487 2992 1541 3030 25

1835 999 1876 1030 10

1835 1330 1876 1363 15

1835 1664 1877 1695 20

1834 1996 1875 2028 25

1836 2328 1879 2359 30
