2060 3168
233 214 342 267 290
825 216 1058 258 ΣΧΟΛΙΑ
1087 217 1124 256 Β
1157 213 1255 271 (lib.
1273 214 1332 271 V)

343 349 393 402 ὃ.
448 352 900 419 Λολιχόουρος
947 346 1007 401 δὲ
1055 349 1082 402 ὁ
1130 349 1265 401 κατὰ
1304 350 1364 402 τὸ
1404 349 1558 412 τέλος
1604 350 1917 414 πλεονάζων
1949 329 2060 413 (169]Ι

233 434 496 501 συλλαβῇ,
536 424 658 483 οἷον
699 429 748 501 (ε
777 429 907 501 231)

380 513 577 565 λεπτὸν
615 512 704 564 καὶ
745 512 950 580 χάριεν,
988 509 1113 580 περὶ
1155 511 1216 563 δὲ
1255 512 1431 578 ζώνην
1471 510 1651 580 βάλετ’
1691 511 1822 576 ίξύϊ·

230 594 511 657 πλεονάζει
553 594 656 660 γὰρ
697 600 760 662 τῆ
802 613 820 643 ι
863 595 1122 662 συλλαβῇ.

186 695 206 727 5
343 675 390 727 6.
434 676 765 742 Μείουρος
805 670 864 725 δὲ
906 674 933 724 ὁ
973 674 1109 725 κατὰ
1139 675 1199 725 τὸ
1237 673 1390 735 τέλος
1423 672 1687 726 ἐλλείπων
1719 676 1916 746 χρόνῳ,

232 756 304 817 ὡς
344 755 404 808 ἐν
443 762 516 826 τῷ
551 753 646 825 (M
662 752 794 824 208)

387 840 565 905 Τρῶες
606 834 652 887 δ’
693 834 1007 904 ἐρρίγησαν,
1047 834 1163 888 ἐπεὶ
1203 837 1328 889 ἴδον
1367 841 1560 889 αἴολον
1598 838 1746 905 όφιν.

239 918 461 971 Τούτων
499 937 600 983 μεν
641 921 744 969 οὐν
782 925 893 969 τῶν
932 915 985 980 ἓξ
1025 920 1246 985 τρόπων
1285 918 1406 970 ὅσοι
1447 918 1714 970 δύνανται
1754 917 1786 987 ἢ
1826 919 1918 970 διὰ

230 1006 417 1066 κοινῆς
464 1001 739 1066 συλλαβῆς
779 998 810 1066 ἢ
852 999 944 1050 διὰ
984 1002 1313 1066 συνιζήσεως
1360 1000 1796 1068 θεραπεύεσθαι,
1849 1000 1915 1052 οὐ

163 1102 204 1132 10
228 1083 429 1148 κυρίως
468 1079 537 1131 ἂν
577 1085 836 1146 κληθεῖεν
874 1080 1045 1147 πάθη.
1084 1110 1158 1116 -

343 1163 604 1229 Ζητήσειε
645 1159 694 1213 δ’
735 1162 804 1212 ἄν
843 1180 926 1223 τις
965 1163 1094 1230 περί
1128 1180 1185 1213 τε
1225 1169 1323 1213 τοῦ
1367 1159 1502 1232 (15)

375 1242 583 1311 Βορέης
622 1243 713 1295 καὶ
758 1241 1026 1309 Ζέφυρος,
1065 1243 1139 1294 τώ
1179 1262 1235 1294 τε
1279 1241 1575 1311 Θρῄκηθεν
1614 1244 1783 1310 ἄητον

226 1323 315 1375 καὶ
356 1332 454 1376 τοῦ
497 1323 554 1393 (σ
578 1321 710 1394 247)

376 1404 601 1467 πλέονές
640 1424 699 1457 κε
737 1413 1042 1472 μνηστῆρες
1081 1404 1141 1457 ἐν
1179 1404 1491 1473 ὑμετέροισι
1534 1405 1751 1471 δόμοισι

162 1507 202 1539 15
227 1484 316 1538 καὶ
364 1495 475 1538 τῶν
523 1486 754 1555 ὁμοίων,
801 1488 1038 1554 πότερον
1085 1485 1395 1553 ἀκεφάλους
1441 1487 1541 1554 χρὴ
1583 1485 1842 1553 λέγεσθαι
1882 1487 1914 1555 ἢ

225 1570 310 1635 μή.
389 1566 753 1638 (προκέφαλοι
793 1567 894 1633 μὲν
933 1567 1035 1636 γὰρ
1078 1567 1179 1619 οὐκ
1219 1568 1379 1619 εἰσίν·
1428 1568 1548 1620 οὔτι
1588 1568 1691 1636 γὰρ
1732 1569 1912 1638 χρόνῳ

225 1649 623 1713 πλεονάζουσιν
677 1649 729 1701 οἱ
783 1658 989 1716 πρῶτοι
1051 1649 1246 1715 πόδες,
1310 1647 1498 1715 ἐπειδὴ
1560 1650 1917 1718 τετράχρονοί

226 1732 330 1782 εἰσι
385 1731 474 1782 καὶ
533 1731 932 1798 ἰσοδυναμοῦσι
986 1738 1101 1791 τοῖς
1156 1728 1485 1799 δακτύλοις.)
1573 1729 1756 1798 φαμὲν
1810 1725 1914 1782 οὖν

225 1813 358 1863 κατὰ
400 1814 567 1879 λόγον
610 1812 812 1873 αὐτοὺς
851 1811 1163 1878 ἀκεφάλους
1193 1815 1398 1876 καλεῖν,
1439 1813 1486 1863 εἰ
1518 1809 1607 1863 καὶ
1639 1811 1711 1879 μὴ
1745 1810 1912 1863 ε’λλεί-

158 1914 201 1944 20
224 1907 390 1944 πουσι
438 1895 616 1963 χρόνῳ
665 1893 696 1961 ἢ
745 1895 1007 1962 συλλαβῇ.
1084 1893 1330 1960 κεφαλὴν
1377 1893 1479 1959 γὰρ
1527 1889 1695 1953 ἔπους
1741 1893 1911 1944 καθό-

225 1976 324 2025 λου
365 1975 465 2042 τὴν
504 1974 784 2042 ἄρχουσαν
823 1974 1038 2043 μακρὰν
1070 1974 1169 2041 χρὴ
1203 1975 1445 2040 νομίζειν
1477 1966 1639 2025 εἶναι’
1680 1972 1777 2024 ἐὰν
1808 1968 1913 2025 οὖν

224 2055 358 2122 αὕτη
408 2063 503 2122 τῆς
550 2057 753 2117 οἰκείας
800 2056 978 2124 χώρας
1025 2054 1220 2123 ἐκπέσῃ
1269 2054 1357 2106 καὶ
1404 2052 1518 2106 ἀντ’
1568 2054 1734 2122 αὐτῆς
1780 2056 1911 2122 βρα-

224 2144 341 2204 χεῖα
379 2142 533 2205 τεθῇ,
575 2135 851 2203 ἀκέφαλον
891 2134 944 2198 ἐξ
986 2135 1226 2203 ἀνάγκης
1256 2136 1316 2188 τὸ
1350 2138 1478 2197 ἔπος
1510 2138 1733 2202 γίνεται.
1799 2133 1909 2187 Καὶ

223 2218 435 2269 τούτων
475 2226 585 2269 τῶν
624 2217 1011 2285 προτεθέντων
1051 2218 1252 2284 στίχων
1291 2216 1319 2268 ὁ
1359 2212 1459 2284 μὲν

158 2320 199 2350 25
371 2298 597 2360 πλέονές
636 2318 694 2350 κε
734 2307 1037 2367 μνηστῆρες

224 2379 454 2431 δύναται
504 2380 595 2431 διὰ
642 2382 971 2447 συνιζήσεως
1018 2384 1439 2446 θεραπευθῆναι
1478 2385 1572 2445 τῆς
1610 2382 1710 2430 πλε
1749 2377 1836 2430 καὶ
1878 2397 1907 2429 ο

225 2463 500 2528 συλλαβῆς
547 2462 623 2522 εἰς
670 2462 802 2526 μίαν
848 2460 1083 2527 μακράν·
1137 2459 1164 2512 ὁ
1215 2456 1275 2511 δὲ
1323 2460 1486 2520 ἄλλος
1534 2458 1909 2525 ἀθεράπευτός

224 2539 391 2606 ἐστιν,
432 2543 611 2608 ὥσπερ
654 2542 741 2593 καὶ
782 2540 868 2593 ἐπὶ
908 2549 1007 2593 τοῦ
1050 2540 1105 2611 (η
1134 2539 1263 2610 119)

376 2625 689 2690 Ζεφυρείην
727 2623 1008 2674 πνείουσα.

345 2742 394 2779 11
430 2737 603 2781 schol.A
626 2742 694 2791 96,
716 2741 887 2780 18—20

344 2844 366 2881 7
409 2839 526 2897 ἐπεὶ]
569 2837 690 2889 ὅπως
722 2839 947 2882 Homerus
1001 2842 1015 2896 ΙΙ
1071 2845 1124 2883 16
1166 2839 1262 2883 οὔτι
1304 2839 1538 2890 Hoersch,
1584 2837 1688 2881 οὔτε
1727 2837 1859 2880 codd.
1891 2837 1906 2894 ἷξ

226 2903 277 2941 19
312 2901 558 2941 καλεῖσθαι
589 2913 718 2954 prop.
746 2898 964 2941 Hoersch.
989 2901 1004 2954 ΙΙ
1032 2903 1202 2941 19-20
1237 2896 1470 2942 ἐλλείπωσι
1502 2897 1634 2940 codd.
1666 2898 1681 2953 ΙΙ
1713 2902 1768 2939 24
1799 2896 1906 2939 τού-

222 2958 331 3014 των]
364 2958 539 3000 τούτων
571 2958 650 3000 καὶ
683 2957 814 3000 codd.
845 2960 850 3013 l
880 2956 923 3014 ὁ]
957 2957 1007 3001 τὸ
1043 2958 1119 3013 ΥΙΙ
1144 2962 1198 3000 29
1233 2955 1424 3012 ζεφυρίη
1457 2955 1681 2999 Homerus
