2060 3168
236 200 344 252 226
690 201 1000 243 ΓΕΩΡΓΙΟΤ
1033 203 1470 244 ΧΟΙΡΟΒΟΣΚΟΤ

237 338 403 400 τίζειν
442 337 519 398 εἰς
557 334 710 398 τέλος
750 334 943 398 λέξεως
981 334 1070 388 καὶ
1110 336 1278 388 πάλιν
1310 335 1410 388 ἀπ’
1441 335 1608 405 ἀρχῆς
1639 336 1793 389 θέλει
1829 338 1916 406 ἄρ-

235 423 446 485 χεσθαι.
523 422 734 486 μᾶλλον
782 416 841 469 δ’
879 416 1270 486 ἀκριβέστερον
1317 415 1662 480 ἐξετάσαντες
1701 420 1754 471 οἱ
1800 419 1925 488 περὶ

238 497 637 568 Ἀριστοφάνην
674 499 774 550 τὸν
813 499 1190 566 γραμματικὸν
1228 498 1316 550 καὶ
1350 496 1718 567 Ἀρίσταρχον,
1758 500 1831 561 ὡς
1863 499 1924 552 ἐν

235 588 299 649 τῇ
349 579 599 643 συντάξει
646 587 740 647 τῆς
791 579 1176 648 ὀρθογραφίας
1227 578 1616 648 ἀκριβέστερον
1663 582 1924 648 ἔγνωμεν,

190 682 211 712 5
236 662 295 713 τὸ
335 664 371 714 ἴ)
409 668 483 733 τῷ
526 660 902 731 ἐπιφερομένῳ
943 663 1107 731 στίχῳ
1150 659 1502 729 ἐπετίθεσαν,
1550 660 1802 729 λέγοντες
1840 661 1923 714 ὅτι

236 742 264 794 ὁ
305 744 466 810 λόγος
504 740 737 811 ἔρρωται
777 740 865 794 ἐπὶ
904 747 1118 794 παθῶν.
1195 749 1358 794 τοῦτο
1398 743 1502 811 γὰρ
1543 741 1730 795 καὶτὰ
1763 743 1924 811 ὅμοια

235 824 387 892 πάθη
430 825 588 889 εἰσίν,
630 825 680 875 οἱ
722 820 782 875 δὲ
822 824 1050 885 κανόνες
1087 832 1198 875 τῶν
1236 823 1429 891 ὑγιῶν,
1470 824 1536 876 οὐ
1577 833 1688 876 τῶν
1727 842 1924 876 πεπον-

234 907 421 957 θότων
469 905 574 957 εἰσὶ
620 906 1009 957 κανονιστικοί.
1087 903 1231 972 ὅμως
1278 901 1338 956 δὲ·
1387 903 1702 974 εὑρέθησαν
1748 905 1923 957 πολλὰ

233 985 401 1055 μέτρα
448 988 525 1048 εἰς
570 985 734 1054 μέρος
780 985 972 1048 λέξεως
1019 984 1379 1054 άπαρτιζοντα
1417 983 1508 1038 καὶ
1548 984 1652 1038 ἀπὸ
1692 993 1791 1038 τοῦ
1831 986 1922 1038 ἄλ-

167 1089 210 1120 10
235 1072 335 1120 λου
376 1067 576 1136 μέρους
615 1075 709 1135 τῆς
748 1066 941 1130 λέξεως
982 1066 1274 1136 ἀρχόμενα·
1314 1065 1404 1118 καὶ
1445 1066 1600 1136 φέρει
1639 1063 1741 1133 μὲν
1773 1066 1801 1119 ὁ
1841 1086 1922 1119 τε-

234 1151 418 1217 χνικός
464 1169 587 1201 τινα
636 1149 1063 1217 παραδείγματα.
1148 1149 1254 1200 εἰσι
1301 1145 1362 1200 δε
1407 1147 1498 1200 καὶ
1547 1149 1684 1200 ἄλλα
1729 1148 1921 1214 πολλά,

235 1233 358 1282 οἱον
396 1231 544 1308 παρα
584 1230 914 1301 Καλλιμάχῳ
956 1229 1018 1282 ἐν
1054 1229 1484 1298 Ἐπιγράμμασιν
1524 1227 1720 1300 (XLII)

380 1312 546 1379 ἥμισύ
587 1332 681 1380 μοι
720 1320 898 1380 ψυχῆς
936 1308 1016 1363 ἔτι
1051 1312 1111 1363 τὸ
1151 1309 1339 1379 πνέον,
1379 1311 1547 1379 ἥμισυ
1581 1309 1640 1363 δ’
1671 1311 1774 1363 οὐκ
1806 1305 1923 1363 οἷδ’

455 1393 561 1446 εἴτ’
587 1392 750 1463 ’Έρος
790 1392 894 1446 εἰτ’
931 1392 1110 1460 Ἀίδης
1147 1393 1394 1460 ἥρπασεν
1433 1390 1491 1444 ἐκ
1529 1393 1807 1461 μερόπων·

165 1495 207 1528 15
232 1473 321 1526 καὶ
358 1473 687 1544 Μένανδρος
728 1472 789 1526 ἐν
824 1477 1046 1546 Πλοκίῳ
1088 1471 1174 1544 (fr.
1199 1470 1331 1543 412)

381 1556 581 1608 λεπτὸν
619 1554 756 1624 μεθ’
797 1554 979 1625 ἑτέρας
1022 1556 1177 1607 ἱστὸν
1215 1553 1461 1621 ὑφαίνει·
1954 1565 2060 1623 (144j

231 1637 321 1689 καὶ
362 1635 647 1707 ἐξαιρέτως
685 1638 832 1705 παρὰ
873 1640 1155 1705 Σοφοκλεῖ
1194 1633 1317 1706 (OT
1350 1635 1457 1686 332
1477 1632 1576 1704 sq.)

381 1717 486 1786 ἐγὼ
529 1716 653 1770 οὔτ’
692 1717 930 1786 ἐμαυτὸν
970 1719 1094 1769 οὔτε
1136 1715 1195 1769 σ’
1234 1716 1468 1784 ἀλγυνῶ.
1546 1718 1603 1768 τί
1637 1715 1797 1768 ταῦτ’

380 1801 556 1861 ἄλλως
595 1798 852 1868 ἐλέγχεις,
895 1799 960 1851 οὐ
1003 1800 1105 1867 γὰρ
1147 1797 1217 1850 ἂν
1254 1798 1463 1850 πύθοιό
1503 1818 1628 1865 μου,

165 1904 208 1935 20
234 1881 371 1933 ὥστε
417 1884 707 1932 καλεῖσθαι
755 1881 815 1932 τὸ
866 1874 1010 1942 εἶδος
1051 1882 1402 1950 Σοφόκλειον
1441 1879 1529 1930 καὶ
1571 1877 1915 1931 ἐπισυναλοι-
1951 1891 2006 1932 68

231 1963 345 2030 φὴν
400 1963 491 2014 διὰ
544 1963 605 2014 τὸ
663 1961 1135 2014 έπισυνάπτεσθαι
1196 1962 1256 2013 τὸ
1313 1961 1618 2029 σύμφωνον
1670 1966 1743 2031 τῷ
1798 1958 1917 2028 ἑξῆς

232 2045 406 2114 ἰάμβῳ
448 2042 480 2110 ἢ
520 2046 698 2114 στίχῳ.
765 2042 946 2095 ἰστέον
986 2042 1046 2094 δ’
1078 2043 1161 2096 ὅτι
1202 2043 1294 2094 διὰ
1333 2043 1393 2094 τὸ
1435 2041 1712 2093 ἀδύνατον
1745 2040 1773 2093 ὁ
1806 2042 1916 2093 Εὐ-

231 2127 448 2194 φορίων
487 2125 548 2176 τὸ
590 2123 996 2192 Ἀπολλόδωρος
1037 2123 1255 2176 διέλυσε
1296 2123 1525 2191 φάσκων

1295 2207 1390 2256 καί
1424 2223 1506 2265 τις
1538 2202 1785 2256 Ἀπολλό-

163 2300 206 2333 25
455 2280 632 2348 δωρος
673 2277 769 2348 ἐφ’
807 2278 930 2331 υἱέα
970 2280 1368 2347 Λειοφόωντος.

348 2393 375 2430 4
408 2387 463 2430 cf.
497 2387 697 2443 Hilgard
729 2386 840 2430 GGr
863 2387 926 2430 IV
953 2391 974 2429 1
1009 2402 1053 2442 p.
1080 2386 1266 2429 LXXXI

348 2480 375 2518 4
409 2474 732 2533 ἀκριβέστερον
764 2492 845 2529 της
886 2474 1214 2532 ὀρθογραφιας
1245 2476 1371 2531 U115
1403 2478 1464 2532 τῷ
1498 2489 1584 2518 om.
1620 2475 1696 2531 UH
1722 2478 1745 2516 9
1779 2473 1916 2530 μέρος

228 2535 462 2587 Hoersch‚
505 2534 615 2590 μέρη
651 2536 720 2588 Κ,
757 2533 896 2591 μέσον
928 2536 971 2578 U
1019 2537 1033 2590 ΙΙ
1089 2540 1142 2577 13
1178 2535 1242 2578 ἔτι
1275 2533 1470 2585 Gallim„
1504 2534 1596 2578 ἐστὶ
1628 2534 1680 2587 U,
1715 2533 1788 2577 ἐπὶ
1821 2534 1875 2577 K
1900 2532 1915 2591 Η

232 2599 285 2636 14
325 2591 421 2638 εἴθ’
459 2595 513 2637 Κ
548 2596 674 2651 (ergo
718 2593 835 2650 legit
873 2592 1035 2649 Αἵὸης)
1095 2595 1099 2650 Ι
1158 2595 1378 2649 μετώπων
1413 2594 1481 2646 K,
1521 2590 1690 2648 μελέων
1723 2591 1908 2650 (19118121

229 2651 424 2707 ἥρπασε·
459 2652 577 2708 πλὴν
610 2651 790 2708 ἀφανές
823 2652 903 2695 Cal
907 2653 1001 2695 lim.
1035 2655 1049 2708 ΙΙ
1087 2657 1140 2696 15
1174 2666 1330 2696 velsus
1362 2652 1538 2695 exitum
1569 2653 1676 2707 post
1708 2652 1772 2705 ὑφ
1806 2664 1913 2693 cen-

230 2712 323 2754 suit
353 2711 658 2754 indicandum
688 2711 841 2783 Denig
864 2714 878 2767 Η
905 2716 956 2754 18
992 2710 1124 2768 ἔγωγ’
1155 2712 1208 2754 K
1238 2713 1242 2767 Ι
1271 2711 1452 2766 ἀλγύνω
1489 2712 1533 2755 U
1559 2712 1564 2764 1
1600 2708 1644 2753 τί
1674 2707 1827 2767 ταῦτ’]
1859 2710 1910 2753 τὸ

228 2771 397 2826 ταύτης
429 2772 471 2814 U
490 2773 504 2826 ΙΙ
532 2775 583 2813 19
618 2771 730 2813 ἀλλὰ
764 2767 828 2829 ᾡς
861 2770 1068 2841 ἐλέγχθει
1094 2771 1146 2813 συ
1166 2770 1258 2837 γὰρ
1288 2771 1360 2826 Ul!
1386 2775 1439 2812 20
1467 2769 1802 2823 ἐπισυναλοιφὴ
1826 2770 1880 2812 Κ
1899 2771 1913 2825 ΙΙ

231 2834 282 2871 21
320 2829 639 2873 συνάπτεσθαι
674 2830 747 2884 ΠΗ
773 2834 826 2871 22
861 2826 887 2883 ἢ
921 2827 1057 2887 στίχῳ
1090 2830 1274 2885 scripsi,
1308 2827 1335 2883 ἢ
1368 2832 1429 2886 τῷ
1463 2826 1597 2887 στίχῳ
1632 2829 1682 2882 U,
1716 2827 1819 2882 ἤτοι
1850 2831 1910 2870 τῶ

230 2886 364 2944 στίχω
399 2890 459 2940 K
498 2889 623 2931 delet
655 2887 780 2931 Caes
811 2891 817 2943 Ι
847 2887 869 2930 ὁ
904 2902 991 2931 om.
1030 2889 1068 2932 U
1096 2891 1110 2944 ΙΙ
1142 2893 1196 2930 23
1231 2873 1411 2932 διέλυσέ
1429 2914 1479 2918 -
1501 2892 1556 2930 24
1589 2884 1913 2941 ἀπολλόὸωρος

230 2961 316 2990 0111.
352 2948 393 2990 U
413 2950 427 3003 Η
452 2952 505 2989 25
539 2946 820 3002 λειφόωντος
855 2948 898 2991 U
