2060 3168
243 202 353 254 244
694 202 1004 244 ΓΕῼΡΓΙΟΤ
1035 202 1474 244 ΧοΙΡοΒοΣΚοΤ

353 330 490 390 Εἶτα
539 335 786 406 ἐπιφέρει
833 338 1017 388 ἄλλων
1066 345 1234 388 τινῶν
1271 337 1705 406 παραδείγματα,
1753 335 1928 433 λέγων

243 417 332 471 καὶ
380 419 440 471 τὸ
487 420 665 470 πόθεν
712 418 1015 485 σύγκειται,
1062 414 1122 468 ἐν
1170 409 1252 478 οἷς
1303 417 1608 486 παραφέρει
1656 425 1817 471 τοῦτο
1865 418 1926 470 τὸ

246 504 518 568 Σαπφοῦς
558 496 667 570 (36,
697 496 789 568 17)

392 579 727 649 ἀσαροτέρας
766 580 982 648 οὐδαμά
1020 559 1248 647 πῶρανα
1289 578 1458 632 σέθεν
1496 589 1773 648 τυχοῖσαν.

199 683 218 714 5
246 663 274 716 ὃ
316 662 376 715 δὲ
415 661 570 714 θέλει
611 662 802 727 εἰπεῖν,
840 661 1095 713 τοιοῦτόν
1134 658 1268 712 ἐστι·
1313 660 1725 730 βλαβερωτέρας
1763 661 1927 714 οὐὸα-
1962 668 2060 723 (192

244 753 356 810 μῶς
402 743 511 795 πού
558 759 713 807 ποτε,
762 743 996 809 Εἰρήνη,
1045 749 1148 794 σοῦ
1189 739 1571 810 ἐπιτυχοῦσαν.
1649 741 1677 795 ὁ
1717 752 1930 811 πρῶτος

244 826 384 887 πούς
424 824 537 876 ἐστι
576 823 755 875 παίων
795 823 1049 891 δεύτερος
1090 822 1387 891 ασαροτέ·
1429 822 1787 876 συστέλλουσι
1828 824 1928 893 γὰρ

247 906 305 958 οἱ
342 907 561 966 Αἰολεῖς
601 904 661 956 τὸ
701 906 738 956 ἆ
779 904 900 972 [τοῦ
941 903 1188 973 ἄσαισιν]
1230 904 1301 966 ὡς
1341 903 1403 957 ἐν
1439 911 1515 975 τῷ

391 988 464 1054 μή
503 984 556 1055 μ’
597 987 779 1038 ἄσαισι
821 984 944 1054 μήδ’
986 986 1228 1039 ὀνίαισιν
1267 984 1490 1056 (Sapph.
1521 986 1565 1054 1,
1591 984 1664 1056 3).

178 1092 221 1124 ιο
247 1068 427 1135 ὥσπερ
477 1068 537 1120 δὲ
583 1067 643 1119 τὸ
683 1065 974 1136 Ἀφροδίτη
1018 1066 1307 1136 Ἀφρόδιτα
1359 1067 1493 1135 φασὶ
1542 1066 1932 1131 συστέλλοντες

245 1150 305 1202 τὸ
344 1152 397 1218 ἆ,
439 1148 580 1201 οὕτω
620 1148 710 1199 καὶ
749 1148 810 1200 τὸ
852 1150 1040 1217 εἰρήνη
1083 1154 1287 1218 εἴρηνα.

959 1324 1082 1394 Cap.
1107 1324 1226 1378 XII.

500 1444 663 1512 Περὶ
707 1447 976 1497 ι’ωνικοῦ
1016 1452 1131 1497 τοῦ
1173 1443 1268 1497 ἀπ’
1242 1443 1679 1580 ἐλάσσονος.

615 1564 626 1579 )
681 1563 693 1581 3
750 1565 761 1580 )
818 1563 829 1578 Ι

180 1669 222 1701 15
247 1646 504 1710 καθαρόν,
562 1647 853 1697 (υντίθεταῑ
909 1647 968 1697 δὲ
1022 1647 1107 1697 καὶ
1161 1646 1432 1710 ἐπίμικτον
1487 1647 1623 1710 πρὸ(
1669 1647 1763 1698 τὰ(
1809 1664 1930 1711 τρο-

246 1727 444 1793 χαῑκάε.

366 1811 538 1860 Τοῦτο
594 1808 895 1875 δεδήλωται
950 1807 1250 1870 ἀντιπαθὲς
1297 1808 1363 1860 ὂν
1409 1813 1483 1879 τῷ
1533 1807 1637 1860 ἀπὸ
1685 1810 1932 1876 μείζονος

250 1891 460 1960 ἰωνικῷ.
539 1886 714 1940 ἐκεῖνο
753 1886 855 1955 μὲν
894 1890 997 1958 γὰρ
1040 1888 1144 1940 ἀπὸ
1186 1890 1484 1942 σπονδείου
1516 1891 1727 1958 ἤρχετο,
1766 1896 1930 1942 τοῦτο

249 1971 308 2023 δὲ
349 1970 453 2022 ἀπὸ
494 1972 814 2038 πυρριχίου,
868 1963 980 2022 εἶτα
1022 1971 1343 2038 σπονδείου,
1389 1972 1450 2024 τὸ
1492 1970 1744 2039 καθαρὸν
1785 1971 1932 2023 ἰωνι-

181 2075 224 2106 20
248 2054 362 2105 κόν.
441 2048 554 2103 ἔστι
596 2048 655 2103 δὲ
701 2052 790 2103 καὶ
839 2051 1143 2118 ἐπίμικτον·
1193 2051 1496 2120 ἐπιδέχεται
1536 2053 1639 2119 γὰρ
1681 2050 1769 2103 καὶ
1810 2071 1933 2118 τρο-

369 2186 422 2225 10
456 2181 511 2225 ef.
544 2196 588 2237 p.
617 2185 758 2234 251‚7

368 2304 392 2341 2
427 2300 476 2343 τὸ
511 2313 597 2342 om.
626 2300 705 2355 ΚΙ
733 2299 974 2355 περιφέρει
1009 2301 1053 2342 K
1072 2302 1086 2356 ΙΙ
1110 2305 1137 2342 4
1170 2299 1453 2354 ἀσαροτέρας
1485 2299 1736 2355 οὐδάμάπα
1769 2299 1932 2355 εἰρήνα

250 2358 388 2403 σέθεν
435 2365 666 2416 τυχοῦσαν
706 2359 765 2412 U,
812 2357 1071 2414 ἀσαροτέρα
1120 2356 1163 2402 σ’
1200 2357 1369 2415 ουδαμ’
1406 2359 1636 2413 ἀπώρανα
1679 2358 1819 2403 σέθεν
1855 2375 1932 2403 τυ-

248 2425 383 2474 χοῖσα
410 2419 470 2470 Κ,
504 2418 584 2473 qui
618 2418 723 2460 add
757 2418 836 2460 καὶ
867 2417 923 2461 τὰ
957 2417 1058 2474 ἑξῆς
1081 2421 1095 2474 ΙΙ
1120 2423 1145 2461 5
1178 2420 1284 2474 post
1316 2417 1657 2476 βλαβερωτέρας
1690 2418 1795 2461 add.
1830 2418 1934 2461 ἀντὶ

249 2483 330 2519 τοῦ
365 2476 480 2531 αὐτὴ
514 2477 657 2532 (quod.
690 2478 955 2532 corrupbum
980 2478 1167 2520 videtur
1199 2491 1254 2520 ex
1286 2477 1390 2520 ἀντὶ
1414 2484 1495 2520 τοῦ
1526 2475 1783 2531 ἀσαροτέρα
1814 2476 1931 2534 liga-

250 2538 355 2578 tura
388 2536 630 2592 scriptum)
666 2536 717 2578 K
765 2538 778 2591 ΙΙ
833 2540 857 2578 6
890 2537 1002 2594 που]
1036 2553 1123 2591 μου
1157 2537 1209 2580 Κ
1262 2537 1268 2594 Ι
1327 2536 1504 2592 Εἰρήνη
1524 2536 1712 2609 Bergk,
1749 2535 1934 2592 εἰρήνης

252 2595 383 2637 codd.
422 2597 427 2650 Ι
464 2595 566 2651 σοῦ]
601 2594 739 2638 σέθεν
774 2596 827 2638 Κ
857 2596 861 2648 Ι
900 2595 1178 2653 ἐπιτυχοῦσα
1211 2596 1266 2639 K
1290 2596 1304 2651 ΙΙ
1331 2600 1353 2637 7
1389 2593 1645 2649 ἀσαρότερα
1678 2595 1721 2638 U
1746 2597 1776 2668 ΙΙ
1793 2600 1817 2636 8
1850 2602 1932 2638 τοῦ

253 2653 436 2696 ἄσαισιν
470 2653 619 2696 delevi
654 2653 982 2698 0011.8011011.Α
1004 2669 1048 2709 p.
1071 2659 1237 2727 146,1Ι6
1263 2656 1277 2710 ΙΙ
1302 2659 1326 2696 9
1360 2651 1432 2712 μ’]
1465 2670 1518 2710 με
1552 2654 1682 2696 codd.
1713 2657 1718 2708 Ι
1747 2653 1933 2696 ἄσσαισι

255 2713 343 2765 ΚῙ,
377 2713 534 2755 ἄσαισι
561 2712 651 2766 K²‚
685 2710 843 2755 ἀσαίσι
878 2714 945 2769 ΠΙ
975 2713 1033 2768 μὴ
1067 2710 1111 2756 δ’
1142 2711 1327 2768 ἠνίασιν
1354 2714 1416 2766 Κ,
1449 2712 1508 2768 μὴ
1535 2710 1748 2755 δονίασιν
1781 2713 1839 2765 U;
1874 2711 1930 2755 cf.

252 2786 295 2826 p.
324 2776 422 2824 251,
443 2776 496 2814 15
536 2774 557 2843 ΙΙ
584 2776 638 2814 10
670 2771 720 2814 τὸ
754 2785 840 2813 om.
869 2773 923 2815 K
956 2775 961 2827 Ι
1000 2770 1262 2830 Αφρόδιτα]
1296 2769 1529 2827 ἀφροδίτα
1565 2773 1609 2816 U
1639 2773 1652 2827 ΙΙ
1688 2776 1737 2813 11
1774 2771 1930 2827 εἰρήνη

252 2843 338 2872 om.
359 2831 399 2873 ῙΓ
424 2832 429 2885 Ι
458 2829 618 2883 εἰρήνα
642 2831 685 2873 [J
701 2832 714 2886 ΙΙ
741 2835 794 2873 13
819 2830 1075 2874 titu1.K2
1063 2846 1110 2873 m
1136 2846 1227 2886 mg
1253 2833 1266 2886 ΙΙ
1294 2835 1347 2872 14
1373 2829 1424 2874 δὲ
1449 2843 1535 2873 om.
1553 2830 1606 2872 K
1627 2831 1633 2886 Ι
1661 2831 1740 2873 καὶ
1765 2844 1851 2873 om.
1867 2831 1932 2886 UH

255 2890 381 2945 15s16
414 2890 520 2944 post
552 2888 801 2946 τροχαικὰς
833 2889 937 2931 add.
966 2890 1019 2932 K
1047 2888 1265 2938 ὃιποδίας
1296 2890 1372 2932 καὶ
1398 2889 1454 2932 τὰ
1487 2889 1590 2944 ἑξης
1613 2891 1627 2945 ΙΙ
1653 2893 1707 2931 18
1732 2889 1824 2932 ἀπὸ
1850 2895 1931 2932 τοῦ

252 2946 500 2991 σπονδείου
534 2948 576 2991 U
595 2950 608 3003 ΙΙ
636 2952 688 2990 20
721 2949 800 2991 καὶ
832 2962 919 2990 om.
948 2949 1001 2991 K

1965 1979 2060 2042 81:
