2060 3168
664 170 730 210 111
771 169 913 210 ΠΕΡΙ
943 168 1345 210 ΔΑΚΤΤΛΙΚΟΤ
1742 166 1852 219 379

162 307 299 346 τοῦτο
324 300 376 345 δὲ
399 300 452 344 τὸ
477 299 798 357 ἀκατάληπτον
820 298 1136 356 πεντάμετρον
1159 300 1239 344 καὶ
1255 300 1510 355 Σαπφικὸν
1533 314 1852 355 τεσσαρεσκαι-

162 367 506 425 δεκασύλλαβον
547 367 821 424 ὀνομάζεται
861 366 942 412 διὰ
981 366 1032 411 τὸ
1070 366 1157 423 τὴν
1190 366 1376 422 Σαπφὼ
1409 365 1636 424 ὁλόκληρα
1669 365 1851 428 ᾄσματα

161 432 343 491 γράψαι
373 434 520 492 τούτῳ
552 437 616 494 τῷ
647 432 806 493 μέτρῳ.

278 508 374 551 Καὶ
421 507 696 564 ἑξάμετρα
744 507 827 564 μέν
876 507 986 562 εἰσι,
1031 506 1343 563 καταληκτικά
1390 506 1474 567 μὲν
1514 508 1580 558 εἰς
1621 507 1850 566 συλλαβὴν

164 592 226 626 ως
255 590 307 618 το
1898 588 1919 620 5

427 633 528 679 ἴσον
559 632 636 691 μοί
668 650 715 678 τε
749 632 959 690 φανέντα
991 632 1262 691 ἀμαρτάδος
1294 633 1455 678 ἔκτοθι
1487 632 1590 691 γάρ.

161 717 247 768 Εἰς
285 715 335 762 δὲ
374 717 651 775 δισύλλαβον
683 715 1020 772 καταληκτικὸν
1052 713 1243 765 ἕκαστος
1271 722 1365 760 τῶν
1398 713 1680 759 ἐκτεθέντων
1710 723 1851 770 τριῶν

159 782 346 840 στίχων·
388 782 419 826 ἃ
458 783 539 827 καὶ
577 781 659 826 διά
697 782 749 826 τὸ
782 780 1175 838 ἀξιοζηλωτότατα
1208 777 1331 825 εἶναι
1368 779 1561 825 τοιαῦθ’
1590 781 1700 838 ἡμῖν
1732 797 1851 836 παρ-

158 849 434 906 ελήφθησαν
467 849 533 901 εἰς
564 848 873 906 παράδειγμα.
928 848 980 893 τὸ
1013 845 1267 903 περαιτέρω
1293 847 1346 893 δὲ
1369 847 1545 892 τούτων
1576 846 1852 906 προβαίνειν

158 915 263 960 οὔτε
301 916 411 966 τοὺς
448 915 678 967 παλαιοὺς
716 914 911 971 εὕρομεν
950 912 1262 971 ποιουμένους
1299 914 1378 958 καὶ
1409 913 1543 971 ἡμῖν,
1576 910 1727 971 οἶμαι,
1770 930 1851 958 πε-
1877 929 1918 959 10

156 980 326 1037 ριττόν,
359 981 535 1027 ἱκανῶν
568 981 716 1026 ὄντων
747 989 839 1026 τῶν
871 981 960 1038 ἥδη
994 979 1246 1038 ῥηθέντων.
1283 1008 1338 1014 -
1375 984 1593 1025 Τοσαῦτα
1625 981 1705 1024 καὶ
1744 981 1850 1036 περὶ

157 1056 242 1093 τοῦ
274 1051 553 1094 δακτυλικοῦ
585 1048 819 1092 Αἰολικοῦ.

275 1183 414 1238 Περὶ
469 1185 855 1239 λογαοιδικοῦ.
938 1181 1002 1225 Τὸ
1058 1180 1109 1226 δὲ
1163 1182 1330 1226 λοιπὸν
1382 1178 1507 1232 εἶδος
1548 1189 1630 1227 τοῦ
1679 1183 1848 1225 δακτυ-

153 1252 283 1293 λικοῦ
329 1249 381 1292 τὸ
429 1249 715 1304 καλούμενον
763 1248 1060 1306 λογαοιδικὸν
1108 1247 1412 1302 δακτυλικόν,
1459 1248 1722 1298 ἀντιπαθὲς
1767 1248 1848 1291 καὶ
1872 1262 1915 1294 15

154 1312 256 1360 οἷον
303 1313 584 1359 ὑπεναντίον
632 1315 724 1359 ἐστὶ
771 1319 834 1375 τῷ
865 1315 1080 1373 Αἰολικῷ.
1143 1316 1195 1360 τὸ
1235 1314 1318 1371 μὲν
1359 1315 1446 1372 γὰρ
1486 1315 1722 1373 καταρχὰς
1761 1313 1845 1358 ἕνα

47 1384 120 1436 73)
151 1390 244 1426 τῶν
276 1381 563 1440 δισυλλάβων
597 1380 792 1439 ἐδέχετο,
821 1389 959 1426 τοῦτο
988 1381 1039 1426 δὲ
1063 1382 1184 1435 κατὰ
1208 1383 1258 1426 τὸ
1283 1381 1424 1436 τέλος,
1456 1383 1574 1439 πλὴν
1600 1383 1684 1426 οὐκ
1708 1382 1845 1426 ἀδια-

154 1448 312 1504 φόρως
342 1449 423 1493 τὸν
454 1446 669 1506 τυχόντα,
701 1449 763 1500 ὡς
795 1448 960 1501 ἐκεῖνο,
992 1445 1093 1491 ἀλλ’
1119 1447 1382 1504 ὡρισμένως
1413 1446 1635 1493 διποδίαν
1658 1457 1845 1505 τροχαῖ-

153 1515 259 1570 κήν·
294 1515 343 1559 ἐν
376 1515 427 1560 δὲ
458 1522 512 1573 τῇ
546 1516 663 1573 ἀρχῇ
698 1515 954 1565 δακτύλους
985 1515 1070 1559 δύο
1106 1513 1131 1571 ἢ
1161 1522 1280 1569 τρεῖς
1314 1513 1602 1570 ἢτέσσαρας.
1649 1512 1844 1571 Ὀνομά-

153 1586 275 1634 ζεται
307 1581 357 1627 δὲ
388 1582 440 1626 τὸ
472 1588 687 1626 τοιοῦτον
718 1580 884 1637 μέτρον
916 1579 1237 1638 λογαοιδικόν,
1283 1579 1351 1625 ὅτι
1385 1581 1432 1626 ἐκ
1466 1581 1706 1626 δακτύλων
1739 1582 1846 1639 σύγ·
1872 1595 1915 1626 20

153 1665 301 1693 κειται
333 1650 412 1692 καὶ
443 1646 685 1706 τροχαίων.
751 1647 845 1691 ἔστι
877 1647 927 1694 δὲ
961 1647 984 1691 ὁ
1018 1647 1101 1703 μὲν
1134 1647 1359 1698 δάκτυλος
1390 1649 1572 1700 ἀοιδοῖς
1603 1649 1683 1692 καὶ
1708 1663 1845 1705 ποιη-

152 1722 254 1766 ταῖς
285 1716 688 1771 προσφορώτατος,
722 1713 744 1758 ὁ
779 1714 830 1759 δὲ
860 1721 1077 1773 τροχαῖος
1107 1714 1431 1772 λογογράφοις.
1496 1714 1576 1759 διὰ
1599 1721 1736 1759 τοῦτο
1766 1715 1844 1758 καὶ

145 1779 428 1838 “Ερμογένης
482 1782 532 1826 ἐν
575 1789 677 1833 ταῖς
723 1780 872 1831 ἰδέαις
916 1781 1023 1836 περὶ
1069 1780 1395 1838 καθαρότητος
1442 1782 1678 1826 διδάσκων
1725 1779 1845 1839 λέγει

154 1847 378 1903 καθαρὰν
418 1844 541 1892 εἶναι
580 1847 823 1904 συνθήκην
862 1847 945 1904 τὴν
983 1850 1218 1905 λογοειδῆ,
1257 1849 1468 1905 λογοειδῆ
1507 1846 1650 1905 λέγων
1681 1847 1766 1903 τὴν
1798 1848 1844 1901 ἐξ

153 1914 334 1973 ἰάμβων
366 1915 446 1958 καὶ
477 1913 708 1972 τροχαίων
740 1913 1114 1971 συντεθειμένην.
1171 1914 1216 1958 οἱ
1249 1914 1337 1971 γὰρ
1370 1915 1499 1967 πεζοὶ
1523 1913 1651 1971 λόγοι
1677 1914 1726 1957 ἐκ
1751 1931 1846 1958 τοι·
1871 1928 1914 1960 25

152 1981 303 2026 ούτων
336 1982 397 2032 ὡς
426 1981 483 2025 τὰ
514 1981 659 2025 πολλὰ
690 1984 851 2026 ποδῶν
885 1980 1154 2037 αὐτομάτως
1185 1981 1460 2038 σύγκεινται.

265 2054 394 2100 ’Ἐστι
426 2056 508 2111 μὲν
543 2053 931 2112 ἐπισημότατα
957 2054 1008 2099 ἐν
1030 2054 1178 2114 τούτῳ
1201 2059 1263 2112 τῷ
1295 2054 1458 2114 μέτρῳ,
1490 2055 1552 2106 ὡς
1574 2055 1655 2099 καὶ
1672 2053 1847 2110 ςΗφαι-

155 2121 294 2167 στίων
341 2121 478 2179 φησί,
524 2122 582 2166 τά
627 2138 674 2166 τε
713 2121 930 2179 τρίμετρα
969 2121 1286 2178 ἀκατάληπτα,
1333 2122 1390 2165 τὰ
1436 2123 1554 2177 πρὸς
1594 2123 1700 2166 δυσὶ
1738 2122 1848 2165 ποσὶ

154 2193 447 2239 δακτυλικοῖς
493 2187 604 2245 μίαν
651 2188 815 2246 ἔχοντα
859 2188 1111 2245 τροχαϊκὴν
1158 2186 1405 2242 διποδίαν,
1453 2187 1484 2231 ἃ
1523 2189 1603 2232 καὶ
1636 2186 1846 2232 Ἀλκαϊκὰ

154 2258 381 2310 καλεῖται,
422 2256 483 2306 ὡς
521 2262 602 2299 τοῦ
628 2252 834 2299 Ἀλκαίου
875 2254 1145 2310 κατακόρως
1185 2255 1345 2305 αὐτοῖς
1383 2253 1698 2312 χρησαμένου,
1743 2253 1846 2299 οἷόν
1871 2269 1915 2300 3ο

154 2321 250 2366 ἐστι
280 2322 331 2366 τὸ

422 2381 499 2424 καὶ
531 2381 650 2424 θεὸν
683 2378 891 2437 ἀμερίοις
922 2381 1145 2439 βροτοῖσι·

154 2463 235 2506 καὶ
266 2461 454 2518 προσέτι
485 2461 542 2506 τὰ
573 2461 852 2519 τετράμετρα
884 2461 1203 2519 ἀκατάληκτα,
1246 2462 1303 2505 τὰ
1334 2462 1452 2516 πρὸς
1482 2462 1600 2517 τρισὶ
1634 2464 1846 2506 δακτυλι-

154 2536 255 2579 κοῖς
293 2529 402 2573 ποσὶ
442 2527 552 2584 μίαν
594 2528 758 2585 ἔχοντα
796 2528 1048 2587 τροχαϊκὴν
1088 2527 1334 2581 διποδίαν,
1375 2528 1405 2571 ἃ
1447 2529 1524 2571 καὶ
1564 2526 1845 2584 Πραξίλλεια

275 2705 330 2743 22
363 2699 581 2756 Hermog.
615 2699 662 2741 in
695 2698 817 2742 RhG
840 2698 882 2741 Π
908 2703 1007 2751 279,
1027 2704 1074 2741 21
1107 2698 1313 2755 (Speng.)
1338 2701 1352 2755 ΙΙ
1378 2703 1432 2742 28
1465 2698 1613 2755 Heph.
1642 2704 1712 2753 24,
1730 2704 1754 2741 3

0 2222 10 2523 ί

0 2835 18 3168 Ι
278 2867 390 2905 1-2
422 2860 919 2916 τεσσαρεσκαιδέκατον
945 2863 991 2906 Ρ
1009 2863 1023 2917 ΙΙ
1049 2866 1102 2904 21
1129 2862 1310 2911 ἀοιδοῖς
1333 2862 1470 2920 Jung‚
1505 2863 1691 2912 ἀοιδαῖς
1717 2863 1822 2906 PK
1830 2864 1844 2918 Η

158 2926 214 2963 24
245 2920 407 2979 λέγων]
441 2924 516 2979 λεγ
550 2936 653 2965 cum
686 2921 894 2977 ligatura
926 2920 1104 2964 incerta
1138 2923 1183 2965 P
