<?xml version="1.0" encoding="UTF-8"?>
<!DOCTYPE html PUBLIC "-//W3C//DTD XHTML 1.0 Transitional//EN"
    "http://www.w3.org/TR/xhtml1/DTD/xhtml1-transitional.dtd">
<html xmlns="http://www.w3.org/1999/xhtml" xml:lang="en" lang="en">
 <head>
  <title>
</title>
<meta http-equiv="Content-Type" content="text/html;charset=utf-8" />
  <meta name='ocr-system' content='tesseract 3.04.00' />
  <meta name='ocr-capabilities' content='ocr_page ocr_carea ocr_par ocr_line ocrx_word'/>
</head>
<body>
  <div class='ocr_page' id='page_1' title='image "./hephaestionisenc00hephuoft_0082.png"; bbox 0 0 2090 3158; ppageno 0'>
   <div class='ocr_carea' id='block_1_1' title="bbox 161 1063 206 1095">
    <p class='ocr_par' dir='ltr' id='par_1_1' title="bbox 161 1063 206 1095">
     <span class='ocr_line' id='line_1_1' title="bbox 161 1063 206 1095; baseline 0 0"><span class='ocrx_word' id='word_1_1' title='bbox 161 1063 206 1095; x_wconf 87' lang='lat'><em>10</em></span> 
     </span>
    </p>
   </div>
   <div class='ocr_carea' id='block_1_2' title="bbox 160 1469 205 1501">
    <p class='ocr_par' dir='ltr' id='par_1_2' title="bbox 160 1469 205 1501">
     <span class='ocr_line' id='line_1_2' title="bbox 160 1469 205 1501; baseline -0.022 0"><span class='ocrx_word' id='word_1_2' title='bbox 160 1469 205 1501; x_wconf 84' lang='lat'><em>15</em></span> 
     </span>
    </p>
   </div>
   <div class='ocr_carea' id='block_1_3' title="bbox 158 1877 206 1908">
    <p class='ocr_par' dir='ltr' id='par_1_3' title="bbox 158 1877 206 1908">
     <span class='ocr_line' id='line_1_3' title="bbox 158 1877 206 1908; baseline 0 0"><span class='ocrx_word' id='word_1_3' title='bbox 158 1877 206 1908; x_wconf 75' lang='lat'><em>220</em></span> 
     </span>
    </p>
   </div>
   <div class='ocr_carea' id='block_1_4' title="bbox 228 174 1737 226">
    <p class='ocr_par' dir='ltr' id='par_1_4' title="bbox 228 174 1737 226">
     <span class='ocr_line' id='line_1_4' title="bbox 228 174 1737 226; baseline 0.003 -11"><span class='ocrx_word' id='word_1_4' title='bbox 228 174 300 226; x_wconf 82' lang='grc'><em>48</em></span> <span class='ocrx_word' id='word_1_5' title='bbox 430 176 850 218; x_wconf 78' lang='grc' dir='ltr'><strong>ΗΦΑΙΣΤΙΩΝΟΣ</strong></span> <span class='ocrx_word' id='word_1_6' title='bbox 882 177 1271 218; x_wconf 86' lang='grc' dir='ltr'>ΕΓΧΕΙΡΙΔΙΟΝ</span> <span class='ocrx_word' id='word_1_7' title='bbox 1302 178 1447 218; x_wconf 88' lang='grc' dir='ltr'>ΠΕΡΙ</span> <span class='ocrx_word' id='word_1_8' title='bbox 1476 178 1737 220; x_wconf 78' lang='grc' dir='ltr'><strong>ΜΕΤΡΩΝ.</strong></span> 
     </span>
    </p>
   </div>
   <div class='ocr_carea' id='block_1_5' title="bbox 229 310 2053 2172">
    <p class='ocr_par' dir='ltr' id='par_1_5' title="bbox 229 310 2053 1845">
     <span class='ocr_line' id='line_1_5' title="bbox 230 310 1919 382; baseline 0.002 -20"><span class='ocrx_word' id='word_1_9' title='bbox 230 317 304 382; x_wconf 83' lang='grc' dir='ltr'><em>τῷ</em></span> <span class='ocrx_word' id='word_1_10' title='bbox 367 310 512 382; x_wconf 79' lang='grc' dir='ltr'><em>μέσῳ</em></span> <span class='ocrx_word' id='word_1_11' title='bbox 583 313 635 364; x_wconf 83' lang='grc' dir='ltr'><em>οἱ</em></span> <span class='ocrx_word' id='word_1_12' title='bbox 704 312 838 378; x_wconf 81' lang='grc' dir='ltr'><em>μετὰ</em></span> <span class='ocrx_word' id='word_1_13' title='bbox 903 311 1001 363; x_wconf 93' lang='grc' dir='ltr'><em>τὸν</em></span> <span class='ocrx_word' id='word_1_14' title='bbox 1066 310 1406 381; x_wconf 78' lang='grc' dir='ltr'><em>Ἀρχίλοχον,</em></span> <span class='ocrx_word' id='word_1_15' title='bbox 1479 312 1551 374; x_wconf 84' lang='grc' dir='ltr'><em>ὡς</em></span> <span class='ocrx_word' id='word_1_16' title='bbox 1621 313 1722 365; x_wconf 85' lang='grc' dir='ltr'><em>οὐκ</em></span> <span class='ocrx_word' id='word_1_17' title='bbox 1789 312 1919 366; x_wconf 82' lang='grc' dir='ltr'><em>ἀνα-</em></span> 
     </span>
     <span class='ocr_line' id='line_1_6' title="bbox 230 391 1919 462; baseline 0.001 -18"><span class='ocrx_word' id='word_1_18' title='bbox 230 393 520 445; x_wconf 84' lang='grc' dir='ltr'><em>παιστικὸν</em></span> <span class='ocrx_word' id='word_1_19' title='bbox 574 393 898 461; x_wconf 79' lang='grc' dir='ltr'><em>ἡγούμενοι,</em></span> <span class='ocrx_word' id='word_1_20' title='bbox 954 391 1093 445; x_wconf 78' lang='grc' dir='ltr'><em>ἀλλὰ</em></span> <span class='ocrx_word' id='word_1_21' title='bbox 1146 393 1542 462; x_wconf 84' lang='grc' dir='ltr'><em>προσοδιακόν,</em></span> <span class='ocrx_word' id='word_1_22' title='bbox 1605 394 1665 445; x_wconf 91' lang='grc' dir='ltr'><em>τὸ</em></span> <span class='ocrx_word' id='word_1_23' title='bbox 1721 392 1774 457; x_wconf 79' lang='grc' dir='ltr'><em>ἐξ</em></span> <span class='ocrx_word' id='word_1_24' title='bbox 1829 395 1919 446; x_wconf 77' lang='grc' dir='ltr'><em>ἰω-</em></span> 
     </span>
     <span class='ocr_line' id='line_1_7' title="bbox 231 472 1919 544; baseline 0.001 -18"><span class='ocrx_word' id='word_1_25' title='bbox 231 481 385 541; x_wconf 82' lang='grc' dir='ltr'><em>νικῆς</em></span> <span class='ocrx_word' id='word_1_26' title='bbox 434 472 524 526; x_wconf 82' lang='grc' dir='ltr'><em>καὶ</em></span> <span class='ocrx_word' id='word_1_27' title='bbox 571 476 951 543; x_wconf 83' lang='grc' dir='ltr'><em>χοριαμβικῆς,</em></span> <span class='ocrx_word' id='word_1_28' title='bbox 991 482 1085 542; x_wconf 81' lang='grc' dir='ltr'><em>τῆς</em></span> <span class='ocrx_word' id='word_1_29' title='bbox 1126 476 1349 542; x_wconf 82' lang='grc' dir='ltr'><em>ίωνικῆς</em></span> <span class='ocrx_word' id='word_1_30' title='bbox 1387 475 1478 526; x_wconf 79' lang='grc' dir='ltr'><em>καὶ</em></span> <span class='ocrx_word' id='word_1_31' title='bbox 1516 476 1780 543; x_wconf 88' lang='grc' dir='ltr'><em>βραχεῖαν</em></span> <span class='ocrx_word' id='word_1_32' title='bbox 1817 477 1919 544; x_wconf 86' lang='grc' dir='ltr'><em>τὴν</em></span> 
     </span>
     <span class='ocr_line' id='line_1_8' title="bbox 230 553 1919 625; baseline 0.001 -19"><span class='ocrx_word' id='word_1_33' title='bbox 230 556 454 623; x_wconf 84' lang='grc' dir='ltr'><em>πρώτην</em></span> <span class='ocrx_word' id='word_1_34' title='bbox 506 555 814 624; x_wconf 79' lang='grc' dir='ltr'><em>δεχομένης.</em></span> <span class='ocrx_word' id='word_1_35' title='bbox 893 555 1124 608; x_wconf 90' lang='grc' dir='ltr'><em>δύναται</em></span> <span class='ocrx_word' id='word_1_36' title='bbox 1179 555 1241 607; x_wconf 79' lang='grc' dir='ltr'><em>δὲ</em></span> <span class='ocrx_word' id='word_1_37' title='bbox 1294 553 1383 607; x_wconf 80' lang='grc' dir='ltr'><em>καὶ</em></span> <span class='ocrx_word' id='word_1_38' title='bbox 1433 556 1509 617; x_wconf 85' lang='grc' dir='ltr'><em>εἰς</em></span> <span class='ocrx_word' id='word_1_39' title='bbox 1562 557 1751 625; x_wconf 89' lang='grc' dir='ltr'><em>τρίτον</em></span> <span class='ocrx_word' id='word_1_40' title='bbox 1790 554 1919 608; x_wconf 83' lang='grc' dir='ltr'><em>ἀνά-</em></span> 
     </span>
     <span class='ocr_line' id='line_1_9' title="bbox 231 630 1920 705; baseline 0.001 -17"><span class='ocrx_word' id='word_1_41' title='bbox 231 650 464 689; x_wconf 92' lang='grc' dir='ltr'><em>παιστον</em></span> <span class='ocrx_word' id='word_1_42' title='bbox 511 638 876 704; x_wconf 82' lang='grc' dir='ltr'><em>διαιρεῖσθαι,</em></span> <span class='ocrx_word' id='word_1_43' title='bbox 925 638 975 688; x_wconf 83' lang='grc' dir='ltr'><em>εἰ</em></span> <span class='ocrx_word' id='word_1_44' title='bbox 1023 635 1127 688; x_wconf 82' lang='grc' dir='ltr'><em>ἀπὸ</em></span> <span class='ocrx_word' id='word_1_45' title='bbox 1170 637 1468 689; x_wconf 90' lang='grc' dir='ltr'><em>σπονδείου</em></span> <span class='ocrx_word' id='word_1_46' title='bbox 1510 637 1756 705; x_wconf 76' lang='grc' dir='ltr'><strong><em>ἄρχοιτο,</em></strong></span> <span class='ocrx_word' id='word_1_47' title='bbox 1797 630 1920 690; x_wconf 84' lang='grc' dir='ltr'><em>οἷον</em></span> 
     </span>
     <span class='ocr_line' id='line_1_10' title="bbox 229 716 755 788; baseline 0 -19"><span class='ocrx_word' id='word_1_48' title='bbox 229 719 290 770; x_wconf 87' lang='grc' dir='ltr'><em>τὸ</em></span> <span class='ocrx_word' id='word_1_49' title='bbox 332 722 603 786; x_wconf 81' lang='grc' dir='ltr'><strong><em>Σαπφοῦς</em></strong></span> <span class='ocrx_word' id='word_1_50' title='bbox 637 716 755 788; x_wconf 79' lang='lat'>(82)</span> 
     </span>
     <span class='ocr_line' id='line_1_11' title="bbox 733 796 1424 867; baseline 0.001 -16"><span class='ocrx_word' id='word_1_51' title='bbox 733 799 872 852; x_wconf 79' lang='grc' dir='ltr'><em>αὐτὰ</em></span> <span class='ocrx_word' id='word_1_52' title='bbox 912 796 971 851; x_wconf 71' lang='grc' dir='ltr'><em>δὲ</em></span> <span class='ocrx_word' id='word_1_53' title='bbox 1006 802 1080 851; x_wconf 88' lang='grc' dir='ltr'><em>σὺ</em></span> <span class='ocrx_word' id='word_1_54' title='bbox 1121 802 1424 867; x_wconf 77' lang='grc' dir='ltr'><em>Καλλιόπα,</em></span> 
     </span>
     <span class='ocr_line' id='line_1_12' title="bbox 229 875 1918 950; baseline 0.001 -18"><span class='ocrx_word' id='word_1_55' title='bbox 229 888 328 932; x_wconf 88' lang='grc' dir='ltr'><em>τοῦ</em></span> <span class='ocrx_word' id='word_1_56' title='bbox 361 882 736 950; x_wconf 80' lang='grc' dir='ltr'><em>προσοδιακοῦ</em></span> <span class='ocrx_word' id='word_1_57' title='bbox 769 880 836 933; x_wconf 86' lang='grc' dir='ltr'><em>ὃν</em></span> <span class='ocrx_word' id='word_1_58' title='bbox 866 879 956 933; x_wconf 87' lang='grc' dir='ltr'><em>καὶ</em></span> <span class='ocrx_word' id='word_1_59' title='bbox 989 889 1152 934; x_wconf 88' lang='grc' dir='ltr'><em>τοῦτο</em></span> <span class='ocrx_word' id='word_1_60' title='bbox 1188 875 1334 943; x_wconf 81' lang='grc' dir='ltr'><em>εἶδος</em></span> <span class='ocrx_word' id='word_1_61' title='bbox 1367 881 1449 950; x_wconf 91' lang='grc' dir='ltr'><em>[τὸ</em></span> <span class='ocrx_word' id='word_1_62' title='bbox 1481 879 1535 944; x_wconf 80' lang='grc' dir='ltr'><em>ἐξ</em></span> <span class='ocrx_word' id='word_1_63' title='bbox 1571 883 1795 934; x_wconf 81' lang='grc' dir='ltr'><em>ι’ωνικοῦ</em></span> <span class='ocrx_word' id='word_1_64' title='bbox 1829 883 1918 934; x_wconf 81' lang='grc' dir='ltr'><em>καὶ</em></span> 
     </span>
     <span class='ocr_line' id='line_1_13' title="bbox 230 962 2051 1031; baseline 0.001 -17"><span class='ocrx_word' id='word_1_65' title='bbox 230 964 589 1031; x_wconf 85' lang='grc' dir='ltr'><em>χοριαμβικοῦ</em></span> <span class='ocrx_word' id='word_1_66' title='bbox 624 962 1026 1031; x_wconf 62' lang='grc' dir='ltr'><em>συγκείμενον]</em></span> <span class='ocrx_word' id='word_1_67' title='bbox 1086 962 1172 1030; x_wconf 76' lang='grc'><em>(4)</em></span> <span class='ocrx_word' id='word_1_68' title='bbox 1203 963 1264 1014; x_wconf 90' lang='grc' dir='ltr'><em>τὸ</em></span> <span class='ocrx_word' id='word_1_69' title='bbox 1297 964 1492 1015; x_wconf 83' lang='grc' dir='ltr'><strong><em>τοίνυν</em></strong></span> <span class='ocrx_word' id='word_1_70' title='bbox 1524 962 1919 1015; x_wconf 81' lang='grc' dir='ltr'><em>ἀναπαιστικὸν</em></span> <span class='ocrx_word' id='word_1_71' title='bbox 1954 968 2051 1026; x_wconf 84' lang='grc'><strong>[90]</strong></span> 
     </span>
     <span class='ocr_line' id='line_1_14' title="bbox 231 1043 1919 1116; baseline 0.001 -22"><span class='ocrx_word' id='word_1_72' title='bbox 231 1047 384 1106; x_wconf 77' lang='grc' dir='ltr'><em>εἴτις</em></span> <span class='ocrx_word' id='word_1_73' title='bbox 409 1044 551 1097; x_wconf 79' lang='grc' dir='ltr'><em>οὕτω</em></span> <span class='ocrx_word' id='word_1_74' title='bbox 579 1045 866 1114; x_wconf 84' lang='grc' dir='ltr'><em>διαιροῖτο,</em></span> <span class='ocrx_word' id='word_1_75' title='bbox 886 1043 1104 1113; x_wconf 79' lang='grc' dir='ltr'><em>εὑρήσει</em></span> <span class='ocrx_word' id='word_1_76' title='bbox 1129 1050 1203 1116; x_wconf 78' lang='grc' dir='ltr'><em>τῷ</em></span> <span class='ocrx_word' id='word_1_77' title='bbox 1223 1046 1574 1116; x_wconf 78' lang='grc' dir='ltr'><em>προσοδιακῷ</em></span> <span class='ocrx_word' id='word_1_78' title='bbox 1594 1043 1919 1113; x_wconf 83' lang='grc' dir='ltr'><em>ἐφαρμόζον.</em></span> 
     </span>
     <span class='ocr_line' id='line_1_15' title="bbox 232 1121 1922 1195; baseline 0.001 -19"><span class='ocrx_word' id='word_1_79' title='bbox 232 1121 329 1176; x_wconf 80' lang='grc' dir='ltr'><em>ἐὰν</em></span> <span class='ocrx_word' id='word_1_80' title='bbox 366 1121 467 1190; x_wconf 73' lang='grc' dir='ltr'><em>μὲν</em></span> <span class='ocrx_word' id='word_1_81' title='bbox 506 1125 609 1192; x_wconf 80' lang='grc' dir='ltr'><em>γὰρ</em></span> <span class='ocrx_word' id='word_1_82' title='bbox 652 1125 948 1177; x_wconf 80' lang='grc' dir='ltr'><strong><em>σπονδεῖον</em></strong></span> <span class='ocrx_word' id='word_1_83' title='bbox 987 1123 1079 1195; x_wconf 79' lang='grc' dir='ltr'><em>ἔχῃ</em></span> <span class='ocrx_word' id='word_1_84' title='bbox 1117 1127 1215 1178; x_wconf 91' lang='grc' dir='ltr'><em>τὸν</em></span> <span class='ocrx_word' id='word_1_85' title='bbox 1254 1135 1493 1195; x_wconf 83' lang='grc' dir='ltr'><em>πρῶτον,</em></span> <span class='ocrx_word' id='word_1_86' title='bbox 1531 1128 1662 1188; x_wconf 87' lang='grc' dir='ltr'><em>τοὺς</em></span> <span class='ocrx_word' id='word_1_87' title='bbox 1701 1122 1761 1178; x_wconf 76' lang='grc' dir='ltr'><em>δὲ</em></span> <span class='ocrx_word' id='word_1_88' title='bbox 1803 1124 1922 1193; x_wconf 76' lang='grc' dir='ltr'><em>ἑξῆς</em></span> 
     </span>
     <span class='ocr_line' id='line_1_16' title="bbox 231 1203 1921 1276; baseline 0.001 -19"><span class='ocrx_word' id='word_1_89' title='bbox 231 1203 619 1274; x_wconf 81' lang='grc' dir='ltr'><em>ἀναπαίστους,</em></span> <span class='ocrx_word' id='word_1_90' title='bbox 670 1207 764 1268; x_wconf 83' lang='grc' dir='ltr'><em>τὰς</em></span> <span class='ocrx_word' id='word_1_91' title='bbox 813 1214 913 1258; x_wconf 87' lang='grc' dir='ltr'><em>τοῦ</em></span> <span class='ocrx_word' id='word_1_92' title='bbox 954 1205 1216 1276; x_wconf 78' lang='grc' dir='ltr'><em>δευτέρου</em></span> <span class='ocrx_word' id='word_1_93' title='bbox 1268 1206 1608 1260; x_wconf 81' lang='grc' dir='ltr'><em>ἀναπαίστου</em></span> <span class='ocrx_word' id='word_1_94' title='bbox 1648 1207 1750 1259; x_wconf 88' lang='grc' dir='ltr'><em>δύο</em></span> <span class='ocrx_word' id='word_1_95' title='bbox 1789 1209 1921 1276; x_wconf 87' lang='grc' dir='ltr'><em>βρα-</em></span> 
     </span>
     <span class='ocr_line' id='line_1_17' title="bbox 230 1287 1920 1359; baseline 0.001 -21"><span class='ocrx_word' id='word_1_96' title='bbox 230 1288 375 1354; x_wconf 85' lang='grc' dir='ltr'><em>χείας</em></span> <span class='ocrx_word' id='word_1_97' title='bbox 437 1287 702 1354; x_wconf 80' lang='grc' dir='ltr'><em>προσθεὶς</em></span> <span class='ocrx_word' id='word_1_98' title='bbox 755 1293 831 1358; x_wconf 78' lang='grc' dir='ltr'><em>τῷ</em></span> <span class='ocrx_word' id='word_1_99' title='bbox 886 1289 1159 1359; x_wconf 80' lang='grc' dir='ltr'><em>σπονδείςο</em></span> <span class='ocrx_word' id='word_1_100' title='bbox 1220 1290 1466 1356; x_wconf 81' lang='grc' dir='ltr'><em>ποιήσεις</em></span> <span class='ocrx_word' id='word_1_101' title='bbox 1529 1289 1755 1340; x_wconf 83' lang='grc' dir='ltr'><em>ἰωνικὸν</em></span> <span class='ocrx_word' id='word_1_102' title='bbox 1816 1287 1920 1340; x_wconf 83' lang='grc' dir='ltr'><em>άπὸ</em></span> 
     </span>
     <span class='ocr_line' id='line_1_18' title="bbox 229 1366 2008 1437; baseline -0.002 -17"><span class='ocrx_word' id='word_1_103' title='bbox 229 1370 492 1436; x_wconf 82' lang='grc' dir='ltr'><em>μείζονος,</em></span> <span class='ocrx_word' id='word_1_104' title='bbox 531 1369 630 1420; x_wconf 90' lang='grc' dir='ltr'><em>τὸν</em></span> <span class='ocrx_word' id='word_1_105' title='bbox 671 1367 730 1420; x_wconf 81' lang='grc' dir='ltr'><em>δ’</em></span> <span class='ocrx_word' id='word_1_106' title='bbox 769 1367 889 1436; x_wconf 82' lang='grc' dir='ltr'><em>ἑξῆς</em></span> <span class='ocrx_word' id='word_1_107' title='bbox 928 1372 1245 1437; x_wconf 90' lang='grc' dir='ltr'><em>χοριάμβον.</em></span> <span class='ocrx_word' id='word_1_108' title='bbox 1302 1370 1531 1422; x_wconf 88' lang='grc' dir='ltr'><em>δύναται</em></span> <span class='ocrx_word' id='word_1_109' title='bbox 1572 1366 1632 1421; x_wconf 76' lang='grc' dir='ltr'><em>δὲ</em></span> <span class='ocrx_word' id='word_1_110' title='bbox 1671 1368 1777 1421; x_wconf 79' lang='grc' dir='ltr'><em>κᾶν</em></span> <span class='ocrx_word' id='word_1_111' title='bbox 1815 1368 1920 1422; x_wconf 83' lang='grc' dir='ltr'><em>ἀπὸ</em></span> <span class='ocrx_word' id='word_1_112' title='bbox 1953 1379 2008 1417; x_wconf 82' lang='grc'><em>49</em></span> 
     </span>
     <span class='ocr_line' id='line_1_19' title="bbox 231 1448 2053 1520; baseline -0.001 -19"><span class='ocrx_word' id='word_1_113' title='bbox 231 1448 572 1502; x_wconf 81' lang='grc' dir='ltr'><em>ἀναπαίστου</em></span> <span class='ocrx_word' id='word_1_114' title='bbox 604 1448 709 1502; x_wconf 78' lang='grc' dir='ltr'><em>κᾶν</em></span> <span class='ocrx_word' id='word_1_115' title='bbox 741 1450 846 1503; x_wconf 81' lang='grc' dir='ltr'><em>ἀπὸ</em></span> <span class='ocrx_word' id='word_1_116' title='bbox 874 1452 1151 1503; x_wconf 77' lang='grc' dir='ltr'><em>δακτύλου</em></span> <span class='ocrx_word' id='word_1_117' title='bbox 1177 1452 1402 1520; x_wconf 78' lang='grc' dir='ltr'><em>ἄρχηται</em></span> <span class='ocrx_word' id='word_1_118' title='bbox 1434 1451 1495 1503; x_wconf 91' lang='grc' dir='ltr'><em>τὸ</em></span> <span class='ocrx_word' id='word_1_119' title='bbox 1530 1451 1924 1503; x_wconf 81' lang='grc' dir='ltr'><em>ἀναπαιστικὸν</em></span> <span class='ocrx_word' id='word_1_120' title='bbox 1956 1457 2053 1515; x_wconf 89' lang='grc'><strong>[91]</strong></span> 
     </span>
     <span class='ocr_line' id='line_1_20' title="bbox 231 1530 1923 1602; baseline 0.002 -21"><span class='ocrx_word' id='word_1_121' title='bbox 231 1530 304 1592; x_wconf 83' lang='grc' dir='ltr'><em>ὡς</em></span> <span class='ocrx_word' id='word_1_122' title='bbox 359 1531 584 1583; x_wconf 79' lang='grc' dir='ltr'><em>ἰωνικὸν</em></span> <span class='ocrx_word' id='word_1_123' title='bbox 647 1531 950 1598; x_wconf 84' lang='grc' dir='ltr'><em>λελυμένον</em></span> <span class='ocrx_word' id='word_1_124' title='bbox 1011 1533 1566 1602; x_wconf 76' lang='grc' dir='ltr'><em>παραλαμβάνεσθαι,</em></span> <span class='ocrx_word' id='word_1_125' title='bbox 1629 1541 1740 1585; x_wconf 81' lang='grc' dir='ltr'><em>τῶν</em></span> <span class='ocrx_word' id='word_1_126' title='bbox 1802 1530 1923 1600; x_wconf 81' lang='grc' dir='ltr'><em>ἑξῆς</em></span> 
     </span>
     <span class='ocr_line' id='line_1_21' title="bbox 230 1612 1922 1683; baseline 0.002 -20"><span class='ocrx_word' id='word_1_127' title='bbox 230 1612 533 1680; x_wconf 86' lang='grc' dir='ltr'><em>χοριάμβου</em></span> <span class='ocrx_word' id='word_1_128' title='bbox 580 1612 902 1681; x_wconf 77' lang='grc' dir='ltr'><em>γινομένων.</em></span> <span class='ocrx_word' id='word_1_129' title='bbox 959 1613 1052 1665; x_wconf 80' lang='grc' dir='ltr'><em>διὰ</em></span> <span class='ocrx_word' id='word_1_130' title='bbox 1097 1621 1261 1666; x_wconf 82' lang='grc' dir='ltr'><em>τοῦτο</em></span> <span class='ocrx_word' id='word_1_131' title='bbox 1301 1615 1390 1666; x_wconf 80' lang='grc' dir='ltr'><em>καὶ</em></span> <span class='ocrx_word' id='word_1_132' title='bbox 1438 1613 1542 1666; x_wconf 83' lang='grc' dir='ltr'><em>ἀπὸ</em></span> <span class='ocrx_word' id='word_1_133' title='bbox 1586 1614 1787 1682; x_wconf 79' lang='grc' dir='ltr'><em>ἰάμβου</em></span> <span class='ocrx_word' id='word_1_134' title='bbox 1828 1614 1922 1683; x_wconf 79' lang='grc' dir='ltr'><em>ἄρ-</em></span> 
     </span>
     <span class='ocr_line' id='line_1_22' title="bbox 230 1693 1841 1766; baseline 0.001 -21"><span class='ocrx_word' id='word_1_135' title='bbox 230 1713 419 1761; x_wconf 91' lang='grc' dir='ltr'><em>χονται</em></span> <span class='ocrx_word' id='word_1_136' title='bbox 461 1693 519 1746; x_wconf 85' lang='grc' dir='ltr'><em>ἐν</em></span> <span class='ocrx_word' id='word_1_137' title='bbox 557 1701 631 1766; x_wconf 79' lang='grc' dir='ltr'><em>τῷ</em></span> <span class='ocrx_word' id='word_1_138' title='bbox 665 1693 1058 1766; x_wconf 81' lang='grc' dir='ltr'><em>ἀναπαιστικῷ,</em></span> <span class='ocrx_word' id='word_1_139' title='bbox 1100 1695 1279 1762; x_wconf 83' lang='grc' dir='ltr'><em>ὥσπερ</em></span> <span class='ocrx_word' id='word_1_140' title='bbox 1322 1693 1628 1764; x_wconf 79' lang='grc' dir='ltr'><em>Ἀρχίλοχος</em></span> <span class='ocrx_word' id='word_1_141' title='bbox 1669 1694 1730 1747; x_wconf 83' lang='grc' dir='ltr'><em>ἐν</em></span> <span class='ocrx_word' id='word_1_142' title='bbox 1767 1701 1841 1765; x_wconf 80' lang='grc' dir='ltr'><em>τῷ</em></span> 
     </span>
     <span class='ocr_line' id='line_1_23' title="bbox 745 1775 1402 1845; baseline 0 -17"><span class='ocrx_word' id='word_1_143' title='bbox 745 1775 1103 1845; x_wconf 85' lang='grc' dir='ltr'><em>Ἐρασμονίδη</em></span> <span class='ocrx_word' id='word_1_144' title='bbox 1145 1779 1402 1845; x_wconf 87' lang='grc' dir='ltr'><em>Χαρίλαε,</em></span> 
     </span>
    </p>

    <p class='ocr_par' dir='ltr' id='par_1_6' title="bbox 230 1856 1920 2091">
     <span class='ocr_line' id='line_1_24' title="bbox 232 1856 1920 1926; baseline 0.001 -18"><span class='ocrx_word' id='word_1_145' title='bbox 232 1857 304 1918; x_wconf 85' lang='grc' dir='ltr'><em>ὡς</em></span> <span class='ocrx_word' id='word_1_146' title='bbox 345 1856 656 1925; x_wconf 90' lang='grc' dir='ltr'><em>δυναμένου</em></span> <span class='ocrx_word' id='word_1_147' title='bbox 697 1858 785 1909; x_wconf 81' lang='grc' dir='ltr'><em>καὶ</em></span> <span class='ocrx_word' id='word_1_148' title='bbox 824 1865 925 1909; x_wconf 85' lang='grc' dir='ltr'><em>τοῦ</em></span> <span class='ocrx_word' id='word_1_149' title='bbox 956 1867 1198 1919; x_wconf 83' lang='grc' dir='ltr'><em>παιῶνος</em></span> <span class='ocrx_word' id='word_1_150' title='bbox 1231 1856 1494 1926; x_wconf 87' lang='grc' dir='ltr'><em>δευτέρου</em></span> <span class='ocrx_word' id='word_1_151' title='bbox 1534 1856 1657 1909; x_wconf 81' lang='grc' dir='ltr'><em>ἀντὶ</em></span> <span class='ocrx_word' id='word_1_152' title='bbox 1694 1858 1920 1909; x_wconf 83' lang='grc' dir='ltr'><em>ἰωνικοῦ</em></span> 
     </span>
     <span class='ocr_line' id='line_1_25' title="bbox 230 1937 1920 2007; baseline 0.001 -18"><span class='ocrx_word' id='word_1_153' title='bbox 230 1946 330 1989; x_wconf 87' lang='grc' dir='ltr'><em>τοῦ</em></span> <span class='ocrx_word' id='word_1_154' title='bbox 379 1937 481 1990; x_wconf 85' lang='grc' dir='ltr'><em>ἀπὸ</em></span> <span class='ocrx_word' id='word_1_155' title='bbox 530 1940 776 2006; x_wconf 83' lang='grc' dir='ltr'><em>μείζονος</em></span> <span class='ocrx_word' id='word_1_156' title='bbox 821 1938 1350 2007; x_wconf 80' lang='grc' dir='ltr'><em>παραλαμβάνεσθαι</em></span> <span class='ocrx_word' id='word_1_157' title='bbox 1403 1938 1518 2007; x_wconf 79' lang='grc' dir='ltr'><em>[ἵνα</em></span> <span class='ocrx_word' id='word_1_158' title='bbox 1556 1939 1627 2006; x_wconf 83' lang='grc' dir='ltr'><em>μὴ</em></span> <span class='ocrx_word' id='word_1_159' title='bbox 1668 1937 1920 2000; x_wconf 81' lang='grc' dir='ltr'><em>ἀπεοικὸς</em></span> 
     </span>
     <span class='ocr_line' id='line_1_26' title="bbox 230 2018 1523 2091; baseline 0.001 -21"><span class='ocrx_word' id='word_1_160' title='bbox 230 2024 304 2089; x_wconf 80' lang='grc' dir='ltr'><em>τῷ</em></span> <span class='ocrx_word' id='word_1_161' title='bbox 338 2020 688 2091; x_wconf 81' lang='grc' dir='ltr'><em>προσοδιακῷ</em></span> <span class='ocrx_word' id='word_1_162' title='bbox 724 2019 945 2088; x_wconf 83' lang='grc' dir='ltr'><em>γένηται</em></span> <span class='ocrx_word' id='word_1_163' title='bbox 985 2019 1046 2071; x_wconf 94' lang='grc' dir='ltr'><em>τὸ</em></span> <span class='ocrx_word' id='word_1_164' title='bbox 1089 2018 1523 2088; x_wconf 61' lang='grc' dir='ltr'><em>ἀναπαιστικόν]</em></span> 
     </span>
    </p>

    <p class='ocr_par' dir='ltr' id='par_1_7' title="bbox 342 2098 1920 2172">
     <span class='ocr_line' id='line_1_27' title="bbox 342 2098 1920 2172; baseline 0.001 -21"><span class='ocrx_word' id='word_1_165' title='bbox 342 2100 424 2168; x_wconf 85' lang='lat'><em>(5)</em></span> <span class='ocrx_word' id='word_1_166' title='bbox 440 2104 854 2170; x_wconf 87' lang='grc' dir='ltr'><em>Παραιτοῦνται</em></span> <span class='ocrx_word' id='word_1_167' title='bbox 871 2102 1064 2153; x_wconf 92' lang='grc' dir='ltr'><em>τοίνυν</em></span> <span class='ocrx_word' id='word_1_168' title='bbox 1081 2102 1212 2162; x_wconf 87' lang='grc' dir='ltr'><em>τοὺς</em></span> <span class='ocrx_word' id='word_1_169' title='bbox 1229 2098 1290 2152; x_wconf 83' lang='grc' dir='ltr'><em>ἐν</em></span> <span class='ocrx_word' id='word_1_170' title='bbox 1305 2099 1451 2172; x_wconf 83' lang='grc' dir='ltr'><em>μέσςο</em></span> <span class='ocrx_word' id='word_1_171' title='bbox 1470 2100 1812 2168; x_wconf 83' lang='grc' dir='ltr'><em>σπονδείους,</em></span> <span class='ocrx_word' id='word_1_172' title='bbox 1827 2101 1920 2152; x_wconf 83' lang='grc' dir='ltr'><em>ἵνα</em></span> 
     </span>
    </p>
   </div>
   <div class='ocr_carea' id='block_1_6' title="bbox 231 2230 1918 2464">
    <p class='ocr_par' dir='ltr' id='par_1_8' title="bbox 231 2230 1918 2464">
     <span class='ocr_line' id='line_1_28' title="bbox 352 2230 1915 2287; baseline 0.001 -14"><span class='ocrx_word' id='word_1_173' title='bbox 352 2236 376 2272; x_wconf 76' lang='lat'>2</span> <span class='ocrx_word' id='word_1_174' title='bbox 409 2231 724 2284; x_wconf 74' lang='grc' dir='ltr'><em>προσοδιακὸν</em></span> <span class='ocrx_word' id='word_1_175' title='bbox 758 2231 897 2274; x_wconf 81' lang='lat' dir='ltr'>schol.</span> <span class='ocrx_word' id='word_1_176' title='bbox 926 2231 1160 2287; x_wconf 75' lang='lat' dir='ltr'><strong>Aristoph.</strong></span> <span class='ocrx_word' id='word_1_177' title='bbox 1188 2230 1308 2273; x_wconf 88' lang='lat' dir='ltr'>Nub.</span> <span class='ocrx_word' id='word_1_178' title='bbox 1336 2235 1435 2274; x_wconf 88' lang='lat'><em>457.</em></span> <span class='ocrx_word' id='word_1_179' title='bbox 1462 2235 1546 2274; x_wconf 83' lang='lat'><em>467</em></span> <span class='ocrx_word' id='word_1_180' title='bbox 1574 2230 1805 2287; x_wconf 81' lang='lat' dir='ltr'>(Heliod..&gt;</span> <span class='ocrx_word' id='word_1_181' title='bbox 1834 2236 1915 2274; x_wconf 85' lang='lat'><em>651</em></span> 
     </span>
     <span class='ocr_line' id='line_1_29' title="bbox 232 2289 1916 2346; baseline 0.001 -15"><span class='ocrx_word' id='word_1_182' title='bbox 232 2289 378 2345; x_wconf 86' lang='lat' dir='ltr'>(RV)3</span> <span class='ocrx_word' id='word_1_183' title='bbox 411 2290 514 2332; x_wconf 86' lang='lat' dir='ltr'>Pac.</span> <span class='ocrx_word' id='word_1_184' title='bbox 538 2294 619 2332; x_wconf 95' lang='lat'><em>775</em></span> <span class='ocrx_word' id='word_1_185' title='bbox 646 2290 886 2346; x_wconf 34' lang='lat' dir='ltr'>(Heliodq)</span> <span class='ocrx_word' id='word_1_186' title='bbox 914 2290 1055 2333; x_wconf 82' lang='lat' dir='ltr'>schol</span> <span class='ocrx_word' id='word_1_187' title='bbox 1081 2290 1214 2332; x_wconf 86' lang='lat' dir='ltr'>Pind.</span> <span class='ocrx_word' id='word_1_188' title='bbox 1235 2289 1303 2333; x_wconf 91' lang='lat' dir='ltr'><em>Ol.</em></span> <span class='ocrx_word' id='word_1_189' title='bbox 1323 2289 1387 2332; x_wconf 87' lang='grc' dir='ltr'><em>ΙΙΙ</em></span> <span class='ocrx_word' id='word_1_190' title='bbox 1409 2305 1454 2346; x_wconf 90' lang='lat' dir='ltr'>p</span> <span class='ocrx_word' id='word_1_191' title='bbox 1477 2294 1640 2343; x_wconf 90' lang='lat'><em>184,15</em></span> <span class='ocrx_word' id='word_1_192' title='bbox 1655 2305 1777 2346; x_wconf 85' lang='lat' dir='ltr'><em>sqq</em></span> <span class='ocrx_word' id='word_1_193' title='bbox 1801 2290 1916 2333; x_wconf 86' lang='lat' dir='ltr'>Mar.</span> 
     </span>
     <span class='ocr_line' id='line_1_30' title="bbox 232 2347 1918 2406; baseline 0.002 -16"><span class='ocrx_word' id='word_1_194' title='bbox 232 2347 351 2391; x_wconf 78' lang='lat' dir='ltr'>Vict.</span> <span class='ocrx_word' id='word_1_195' title='bbox 371 2348 434 2390; x_wconf 92' lang='lat' dir='ltr'><em>VI</em></span> <span class='ocrx_word' id='word_1_196' title='bbox 461 2354 557 2401; x_wconf 81' lang='lat'><em>124,</em></span> <span class='ocrx_word' id='word_1_197' title='bbox 585 2354 630 2402; x_wconf 85' lang='lat'><em>33</em></span> <span class='ocrx_word' id='word_1_198' title='bbox 676 2349 841 2406; x_wconf 84' lang='lat' dir='ltr'>fragm.</span> <span class='ocrx_word' id='word_1_199' title='bbox 875 2349 987 2392; x_wconf 92' lang='lat' dir='ltr'>Bob.</span> <span class='ocrx_word' id='word_1_200' title='bbox 1023 2349 1105 2392; x_wconf 83' lang='lat' dir='ltr'><em>GL</em></span> <span class='ocrx_word' id='word_1_201' title='bbox 1138 2349 1201 2391; x_wconf 90' lang='lat' dir='ltr'><em>VI</em></span> <span class='ocrx_word' id='word_1_202' title='bbox 1225 2354 1367 2402; x_wconf 81' lang='lat'>625,1</span> <span class='ocrx_word' id='word_1_203' title='bbox 1417 2351 1431 2406; x_wconf 78' lang='grc' dir='ltr'><em>ΙΙ</em></span> <span class='ocrx_word' id='word_1_204' title='bbox 1478 2353 1502 2391; x_wconf 87' lang='grc'>9</span> <span class='ocrx_word' id='word_1_205' title='bbox 1543 2349 1859 2403; x_wconf 80' lang='grc' dir='ltr'><em>προσοδιακὸν</em></span> <span class='ocrx_word' id='word_1_206' title='bbox 1891 2347 1918 2404; x_wconf 79' lang='grc' dir='ltr'>ἢ</span> 
     </span>
     <span class='ocr_line' id='line_1_31' title="bbox 231 2407 1497 2464; baseline 0.002 -14"><span class='ocrx_word' id='word_1_207' title='bbox 231 2407 572 2452; x_wconf 80' lang='grc' dir='ltr'><em>ἀναπαιστικόν</em></span> <span class='ocrx_word' id='word_1_208' title='bbox 605 2408 747 2451; x_wconf 83' lang='lat' dir='ltr'>schol</span> <span class='ocrx_word' id='word_1_209' title='bbox 780 2408 830 2450; x_wconf 88' lang='lat' dir='ltr'><em>in</em></span> <span class='ocrx_word' id='word_1_210' title='bbox 862 2408 994 2452; x_wconf 91' lang='lat' dir='ltr'>Pind.</span> <span class='ocrx_word' id='word_1_211' title='bbox 1022 2407 1090 2451; x_wconf 90' lang='lat' dir='ltr'><em>Ol.</em></span> <span class='ocrx_word' id='word_1_212' title='bbox 1117 2408 1222 2451; x_wconf 90' lang='lat' dir='ltr'><strong>XIII</strong></span> <span class='ocrx_word' id='word_1_213' title='bbox 1251 2423 1296 2464; x_wconf 89' lang='lat' dir='ltr'><em>p.</em></span> <span class='ocrx_word' id='word_1_214' title='bbox 1324 2412 1421 2461; x_wconf 83' lang='lat'><em>356,</em></span> <span class='ocrx_word' id='word_1_215' title='bbox 1443 2413 1497 2452; x_wconf 88' lang='lat'><em>16</em></span> 
     </span>
    </p>
   </div>
   <div class='ocr_carea' id='block_1_7' title="bbox 231 2509 1918 2981">
    <p class='ocr_par' dir='ltr' id='par_1_9' title="bbox 231 2509 1918 2981">
     <span class='ocr_line' id='line_1_32' title="bbox 352 2509 1918 2586; baseline 0 -32"><span class='ocrx_word' id='word_1_216' title='bbox 352 2516 374 2554; x_wconf 90' lang='lat'>1</span> <span class='ocrx_word' id='word_1_217' title='bbox 401 2511 471 2586; x_wconf 55' lang='grc' dir='ltr'><em>,ὡς</em></span> <span class='ocrx_word' id='word_1_218' title='bbox 502 2512 587 2555; x_wconf 82' lang='grc' dir='ltr'><em>οὐκ</em></span> <span class='ocrx_word' id='word_1_219' title='bbox 618 2510 822 2566; x_wconf 57' lang='lat' dir='ltr'>Wilam„</span> <span class='ocrx_word' id='word_1_220' title='bbox 856 2511 940 2569; x_wconf 82' lang='grc' dir='ltr'><em>οὐχ</em></span> <span class='ocrx_word' id='word_1_221' title='bbox 973 2512 1035 2562; x_wconf 86' lang='grc' dir='ltr'><em>ὡς</em></span> <span class='ocrx_word' id='word_1_222' title='bbox 1066 2511 1198 2554; x_wconf 83' lang='lat' dir='ltr'>codd.</span> <span class='ocrx_word' id='word_1_223' title='bbox 1239 2514 1253 2568; x_wconf 78' lang='grc' dir='ltr'><em>ΙΙ</em></span> <span class='ocrx_word' id='word_1_224' title='bbox 1292 2517 1319 2554; x_wconf 87' lang='grc'>4</span> <span class='ocrx_word' id='word_1_225' title='bbox 1352 2512 1422 2569; x_wconf 82' lang='grc' dir='ltr'><em>δὲ]</em></span> <span class='ocrx_word' id='word_1_226' title='bbox 1457 2526 1514 2555; x_wconf 85' lang='lat' dir='ltr'><em>an</em></span> <span class='ocrx_word' id='word_1_227' title='bbox 1549 2511 1637 2568; x_wconf 70' lang='grc' dir='ltr'><em>δὴῗ</em></span> <span class='ocrx_word' id='word_1_228' title='bbox 1679 2511 1686 2569; x_wconf 84' lang='grc' dir='ltr'>Ι</span> <span class='ocrx_word' id='word_1_229' title='bbox 1729 2512 1795 2562; x_wconf 88' lang='grc' dir='ltr'><em>εἰς</em></span> <span class='ocrx_word' id='word_1_230' title='bbox 1824 2509 1918 2566; x_wconf 83' lang='grc' dir='ltr'><em>τρί-</em></span> 
     </span>
     <span class='ocr_line' id='line_1_33' title="bbox 233 2570 1917 2641; baseline 0.001 -30"><span class='ocrx_word' id='word_1_231' title='bbox 233 2584 355 2612; x_wconf 89' lang='grc' dir='ltr'><em>πουν</em></span> <span class='ocrx_word' id='word_1_232' title='bbox 388 2570 729 2614; x_wconf 81' lang='grc' dir='ltr'><em>ἀναπαιστικὸν</em></span> <span class='ocrx_word' id='word_1_233' title='bbox 755 2570 907 2614; x_wconf 79' lang='lat' dir='ltr'>Hense</span> <span class='ocrx_word' id='word_1_234' title='bbox 955 2570 1057 2613; x_wconf 84' lang='lat' dir='ltr'>coll.</span> <span class='ocrx_word' id='word_1_235' title='bbox 1090 2570 1230 2613; x_wconf 82' lang='lat' dir='ltr'>schol.</span> <span class='ocrx_word' id='word_1_236' title='bbox 1258 2570 1492 2641; x_wconf 72' lang='lat' dir='ltr'><em>Aristoph</em></span> <span class='ocrx_word' id='word_1_237' title='bbox 1518 2571 1623 2614; x_wconf 81' lang='lat' dir='ltr'>Pae.</span> <span class='ocrx_word' id='word_1_238' title='bbox 1652 2575 1751 2614; x_wconf 81' lang='lat'>512.</span> <span class='ocrx_word' id='word_1_239' title='bbox 1779 2573 1878 2625; x_wconf 87' lang='lat'>775)</span> <span class='ocrx_word' id='word_1_240' title='bbox 1903 2570 1917 2632; x_wconf 71' lang='grc' dir='ltr'>Η</span> 
     </span>
     <span class='ocr_line' id='line_1_34' title="bbox 234 2626 1917 2744; baseline 0.001 -75"><span class='ocrx_word' id='word_1_241' title='bbox 234 2632 259 2669; x_wconf 89' lang='lat'>5</span> <span class='ocrx_word' id='word_1_242' title='bbox 293 2627 542 2673; x_wconf 78' lang='grc' dir='ltr'><em>σπονδείου</em></span> <span class='ocrx_word' id='word_1_243' title='bbox 574 2629 727 2682; x_wconf 84' lang='grc' dir='ltr'><strong>Τι11·11.,</strong></span> <span class='ocrx_word' id='word_1_244' title='bbox 761 2631 1021 2673; x_wconf 79' lang='grc' dir='ltr'><em>σπονδειων</em></span> <span class='ocrx_word' id='word_1_245' title='bbox 1046 2630 1185 2744; x_wconf 81' lang='lat' dir='ltr'><em>¹.eodd</em></span> <span class='ocrx_word' id='word_1_246' title='bbox 1213 2632 1276 2685; x_wconf 81' lang='grc'><em>118</em></span> <span class='ocrx_word' id='word_1_247' title='bbox 1303 2626 1357 2674; x_wconf 81' lang='grc' dir='ltr'><em>ὃν</em></span> <span class='ocrx_word' id='word_1_248' title='bbox 1381 2629 1631 2681; x_wconf 82' lang='lat' dir='ltr'>Hermann,</span> <span class='ocrx_word' id='word_1_249' title='bbox 1665 2629 1714 2674; x_wconf 82' lang='grc' dir='ltr'><em>ἓν</em></span> <span class='ocrx_word' id='word_1_250' title='bbox 1746 2629 1877 2672; x_wconf 83' lang='lat' dir='ltr'><strong>codd.</strong></span> <span class='ocrx_word' id='word_1_251' title='bbox 1903 2629 1917 2685; x_wconf 70' lang='grc' dir='ltr'>Η</span> 
     </span>
     <span class='ocr_line' id='line_1_35' title="bbox 232 2686 1915 2764; baseline 0.001 -35"><span class='ocrx_word' id='word_1_252' title='bbox 232 2690 258 2729; x_wconf 90' lang='grc'>8</span> <span class='ocrx_word' id='word_1_253' title='bbox 296 2687 419 2730; x_wconf 76' lang='grc' dir='ltr'><em>τὸ-</em></span> <span class='ocrx_word' id='word_1_254' title='bbox 441 2692 464 2730; x_wconf 91' lang='grc'><strong>9</strong></span> <span class='ocrx_word' id='word_1_255' title='bbox 507 2686 805 2745; x_wconf 73' lang='grc' dir='ltr'><em>συγκείμενον</em></span> <span class='ocrx_word' id='word_1_256' title='bbox 837 2688 988 2731; x_wconf 88' lang='lat' dir='ltr'>delevi</span> <span class='ocrx_word' id='word_1_257' title='bbox 1168 2687 1372 2764; x_wconf 88' lang='grc' dir='ltr'><em>ριάμβου</em></span> <span class='ocrx_word' id='word_1_258' title='bbox 1398 2688 1603 2732; x_wconf 76' lang='lat' dir='ltr'>Studem.</span> <span class='ocrx_word' id='word_1_259' title='bbox 1659 2691 1673 2743; x_wconf 83' lang='grc' dir='ltr'>Η</span> <span class='ocrx_word' id='word_1_260' title='bbox 1728 2693 1781 2731; x_wconf 94' lang='grc'><em>11</em></span> <span class='ocrx_word' id='word_1_261' title='bbox 1815 2688 1915 2745; x_wconf 91' lang='grc' dir='ltr'><em>τὸν]</em></span> 
     </span>
     <span class='ocr_line' id='line_1_36' title="bbox 231 2692 1913 2803; baseline 0.001 -15"><span class='ocrx_word' id='word_1_262' title='bbox 231 2745 282 2788; x_wconf 87' lang='grc' dir='ltr'><em>τὸ</em></span> <span class='ocrx_word' id='word_1_263' title='bbox 315 2747 360 2789; x_wconf 90' lang='lat' dir='ltr'><strong><em>A</em></strong></span> <span class='ocrx_word' id='word_1_264' title='bbox 384 2749 397 2799; x_wconf 85' lang='grc' dir='ltr'><em>ΙΙ</em></span> <span class='ocrx_word' id='word_1_265' title='bbox 426 2752 477 2789; x_wconf 86' lang='grc'><strong>13</strong></span> <span class='ocrx_word' id='word_1_266' title='bbox 510 2748 707 2802; x_wconf 80' lang='grc' dir='ltr'><em>προθεὶς</em></span> <span class='ocrx_word' id='word_1_267' title='bbox 739 2749 801 2803; x_wconf 84' lang='grc' dir='ltr'><em>ΙΙΙ</em></span> <span class='ocrx_word' id='word_1_268' title='bbox 829 2752 883 2790; x_wconf 87' lang='grc'><em>14</em></span> <span class='ocrx_word' id='word_1_269' title='bbox 914 2747 995 2790; x_wconf 89' lang='grc' dir='ltr'><em>τὸν</em></span> <span class='ocrx_word' id='word_1_270' title='bbox 1028 2692 1075 2790; x_wconf 68' lang='grc' dir='ltr'><em>δι’</em></span> <span class='ocrx_word' id='word_1_271' title='bbox 1108 2705 1292 2800; x_wconf 43' lang='lat' dir='ltr'><em>{emesan</em></span> <span class='ocrx_word' id='word_1_272' title='bbox 1327 2745 1397 2797; x_wconf 85' lang='grc' dir='ltr'><em>οἷς</em></span> <span class='ocrx_word' id='word_1_273' title='bbox 1420 2749 1479 2800; x_wconf 90' lang='lat' dir='ltr'><em>A,</em></span> <span class='ocrx_word' id='word_1_274' title='bbox 1506 2745 1607 2791; x_wconf 84' lang='grc' dir='ltr'><em>οἷον</em></span> <span class='ocrx_word' id='word_1_275' title='bbox 1631 2746 1913 2800; x_wconf 71' lang='lat' dir='ltr'><em>IM13f01-t.</em></span> 
     </span>
     <span class='ocr_line' id='line_1_37' title="bbox 231 2804 1916 2863; baseline 0.001 -17"><span class='ocrx_word' id='word_1_276' title='bbox 231 2804 310 2847; x_wconf 82' lang='grc' dir='ltr'><em>καὶ</em></span> <span class='ocrx_word' id='word_1_277' title='bbox 343 2805 424 2849; x_wconf 88' lang='grc' dir='ltr'><em>τὸν</em></span> <span class='ocrx_word' id='word_1_278' title='bbox 452 2807 458 2863; x_wconf 85' lang='grc' dir='ltr'>Ι</span> <span class='ocrx_word' id='word_1_279' title='bbox 486 2805 575 2849; x_wconf 75' lang='grc' dir='ltr'><em>κᾶν</em></span> <span class='ocrx_word' id='word_1_280' title='bbox 600 2805 733 2858; x_wconf 60' lang='lat' dir='ltr'>Flor,</span> <span class='ocrx_word' id='word_1_281' title='bbox 761 2807 913 2859; x_wconf 79' lang='grc' dir='ltr'>καὶΑ,</span> <span class='ocrx_word' id='word_1_282' title='bbox 948 2807 1126 2862; x_wconf 79' lang='grc' dir='ltr'><strong>0111.ΙΙΙ</strong></span> <span class='ocrx_word' id='word_1_283' title='bbox 1153 2811 1205 2849; x_wconf 93' lang='grc'><strong>16</strong></span> <span class='ocrx_word' id='word_1_284' title='bbox 1238 2814 1330 2849; x_wconf 86' lang='grc' dir='ltr'><em>τῶν</em></span> <span class='ocrx_word' id='word_1_285' title='bbox 1355 2807 1413 2860; x_wconf 91' lang='lat' dir='ltr'><em>A,</em></span> <span class='ocrx_word' id='word_1_286' title='bbox 1447 2820 1533 2849; x_wconf 92' lang='lat' dir='ltr'><em>om.</em></span> <span class='ocrx_word' id='word_1_287' title='bbox 1561 2808 1599 2858; x_wconf 90' lang='grc' dir='ltr'><em>Ι,</em></span> <span class='ocrx_word' id='word_1_288' title='bbox 1633 2813 1715 2849; x_wconf 89' lang='grc' dir='ltr'><em>τοῦ</em></span> <span class='ocrx_word' id='word_1_289' title='bbox 1747 2806 1799 2849; x_wconf 80' lang='grc' dir='ltr'><em>δὲ</em></span> <span class='ocrx_word' id='word_1_290' title='bbox 1827 2806 1882 2848; x_wconf 91' lang='grc' dir='ltr'><em>Η</em></span> <span class='ocrx_word' id='word_1_291' title='bbox 1903 2808 1916 2862; x_wconf 69' lang='lat'><em>⁴!</em></span> 
     </span>
     <span class='ocr_line' id='line_1_38' title="bbox 236 2863 1913 2936; baseline 0.001 -30"><span class='ocrx_word' id='word_1_292' title='bbox 236 2868 287 2906; x_wconf 81' lang='lat'><em>17</em></span> <span class='ocrx_word' id='word_1_293' title='bbox 336 2864 592 2936; x_wconf 87' lang='grc' dir='ltr'><em>χοριάμβου</em></span> <span class='ocrx_word' id='word_1_294' title='bbox 639 2863 895 2921; x_wconf 78' lang='grc' dir='ltr'><em>γινομένων</em></span> <span class='ocrx_word' id='word_1_295' title='bbox 934 2865 1145 2920; x_wconf 73' lang='lat' dir='ltr'><em>Westph.</em></span> <span class='ocrx_word' id='word_1_296' title='bbox 1159 2901 1169 2920; x_wconf 95' lang='lat'><strong><em>,</em></strong></span> <span class='ocrx_word' id='word_1_297' title='bbox 1216 2865 1481 2923; x_wconf 87' lang='grc' dir='ltr'><em>χοριάμβων</em></span> <span class='ocrx_word' id='word_1_298' title='bbox 1525 2863 1779 2922; x_wconf 77' lang='grc' dir='ltr'><em>γινομένων</em></span> <span class='ocrx_word' id='word_1_299' title='bbox 1820 2866 1913 2917; x_wconf 89' lang='grc' dir='ltr'><em>ΑΙ,</em></span> 
     </span>
     <span class='ocr_line' id='line_1_39' title="bbox 231 2922 1779 2981; baseline 0.001 -16"><span class='ocrx_word' id='word_1_300' title='bbox 231 2922 487 2981; x_wconf 87' lang='grc' dir='ltr'><em>χοριάμβου</em></span> <span class='ocrx_word' id='word_1_301' title='bbox 519 2922 766 2981; x_wconf 79' lang='grc' dir='ltr'><em>γινομένου</em></span> <span class='ocrx_word' id='word_1_302' title='bbox 800 2926 886 2980; x_wconf 84' lang='grc' dir='ltr'><em>ΗΙΙ</em></span> <span class='ocrx_word' id='word_1_303' title='bbox 911 2929 964 2966; x_wconf 79' lang='lat'><em>21</em></span> <span class='ocrx_word' id='word_1_304' title='bbox 1000 2941 1078 2967; x_wconf 85' lang='grc' dir='ltr'><em>ινα</em></span> <span class='ocrx_word' id='word_1_305' title='bbox 1097 2950 1150 2956; x_wconf 85' lang='grc'>-</span> <span class='ocrx_word' id='word_1_306' title='bbox 1171 2929 1225 2966; x_wconf 82' lang='grc'><em>22</em></span> <span class='ocrx_word' id='word_1_307' title='bbox 1259 2924 1597 2968; x_wconf 81' lang='grc' dir='ltr'><em>ἀναπαιστικὸν</em></span> <span class='ocrx_word' id='word_1_308' title='bbox 1629 2923 1779 2967; x_wconf 85' lang='lat' dir='ltr'>delevi</span> 
     </span>
    </p>
   </div>
  </div>
 </body>
</html>
