2090 3158
268 157 336 209 12
465 156 888 199 ΗΦΑΙΣΤΙΩΝΟΣ
919 156 1310 197 EPXEIPIAION
1341 157 1487 219 ΠΕΡΙ
1514 153 1775 195 ΜΕΤΡΩΝ.

524 291 583 345 ἐκ
637 293 895 361 βραχείας
953 291 1043 342 καὶ
1099 290 1202 342 δύο
1258 299 1483 359 μακρῶν
1539 291 1630 342 καὶ
1683 291 1956 359 βραχείας,

1332 370 1666 424 ἀντίσπαστο
1673 392 1698 434 ς
1708 388 1717 397 ·

527 453 586 507 ἐκ
642 455 744 507 δύο
798 461 1025 523 μακρῶν
1078 453 1168 505 καὶ
1217 453 1318 505 δύο
1368 455 1664 521 βραχειῶν,
1723 451 1958 516 Ἰωνικὸς

1336 533 1440 586 ἀπὸ
1480 537 1748 600 μείζονος·

223 640 241 673 5
528 616 586 669 ἐκ
609 625 819 686 μακρᾶς
841 617 930 668 καὶ
956 617 1211 684 βραχείας
1235 613 1326 667 καὶ
1343 623 1554 685 μακρᾶς
1576 614 1668 668 καὶ
1685 618 1957 686 βραχείας,

806 698 1064 767 τροχαῖκὴ
1103 698 1442 750 ταυτοποὸία
1480 698 1513 766 ἢ
1554 699 1884 768 ὃιτρόχαιος·

528 779 587 832 ἐκ
625 780 882 850 βραχείας
921 777 1014 831 καὶ.
1051 787 1260 849 μακρᾶς
1306 779 1396 831 καὶ
1436 781 1692 849 βραχείας
1729 777 1822 832 καὶ
1860 801 1959 847 μα-

799 869 951 930 κρᾶς,
987 862 1207 929 ἰαμβικὴ
1249 861 1584 913 ταυτοποδία
1614 859 1647 928 ἦ
1682 861 1957 930 διΐαμβος·

529 943 587 996 ἐκ
647 950 855 1011 μακρᾶς
915 940 1006 994 καὶ
1071 942 1173 993 δύο
1236 944 1509 1010 βραχειῶν
1573 940 1664 994 καὶ
1733 951 1959 1011 μακρᾶς,

200 1049 243 1081 10
802 1026 1112 1093 χοριάμβος.

456 1105 782 1175 ἑπτάχρονοι
823 1102 884 1158 δὲ
923 1105 1202 1175 τέσσαρες·
1992 1113 2048 1151 14

529 1187 587 1240 ἐκ
603 1190 860 1256 βραχείας
876 1186 967 1240 καὶ
984 1197 1155 1256 τριῶν
1174 1197 1416 1257 μακρῶν,
1432 1197 1647 1257 πρῶτος
1665 1186 1958 1258 ἐπίτριτος·

530 1269 587 1321 ἐκ
625 1277 834 1337 μακρᾶς
871 1269 962 1321 καὶ
1002 1271 1258 1338 βραχείας
1296 1269 1385 1321 καὶ
1419 1269 1521 1321 δύο
1554 1279 1795 1338 μακρῶν,
1837 1270 1961 1322 δεύ-

802 1369 958 1419 τερος
991 1349 1262 1420 ἐπίτριτος
1294 1351 1326 1419 ἢ
1358 1351 1448 1403 καὶ
1495 1351 1754 1420 τροχαϊκὴ
1804 1349 1962 1403 ἑπτά-

204 1456 246 1488 15
807 1446 995 1500 σημος,
1034 1431 1063 1484 ὁ
1102 1430 1192 1484 καὶ
1233 1434 1500 1501 Καρικός·

531 1514 589 1567 ἐκ
622 1514 724 1566 δύο
749 1522 977 1582 μακρῶν
1000 1512 1091 1566 καὶ
1117 1515 1374 1583 βραχείας
1397 1511 1487 1565 καὶ
1513 1521 1739 1581 μακρᾶς,
1779 1515 1962 1582 τρίτος

805 1594 1077 1662 ἐπίτριτος
1115 1594 1148 1662 ἢ
1191 1595 1411 1663 ἰαμβικὴ
1446 1592 1767 1663 ἑπτάσημος,
1811 1593 1839 1646 ὁ
1871 1595 1962 1647 καὶ

798 1675 1025 1739 Ῥόδιος·

531 1759 589 1812 ἐκ
628 1767 798 1827 τριῶν
836 1767 1062 1828 μακρῶν
1107 1757 1197 1810 καὶ
1245 1760 1519 1827 βραχείας,
1559 1757 1811 1828 τέταρτος
1851 1759 1964 1811 ἐπί-

204 1862 246 1894 20
804 1859 984 1909 τριτος
1030 1838 1062 1906 ἢ
1111 1837 1503 1907 ἄντισπαστικὴ
1552 1837 1882 1907 ἑπτάσημος,
1934 1839 1962 1892 ὁ

804 1919 895 1973 καὶ
935 1924 1250 1989 μονογενής.

393 2011 396 2014 ’
456 2003 788 2073 ὀκτάχρονος
820 1999 880 2055 δὲ
914 1995 1079 2070 <εἷς>,
1114 2002 1171 2055 ἐκ
1210 2002 1492 2071 τεσσάρων
1523 2011 1764 2071 μακρῶν,
1799 2017 1965 2056 σπον-
1998 2004 2090 2063 [26]

806 2085 994 2152 δειακὴ
1033 2083 1370 2136 ταυτοποδία
1404 2083 1436 2151 ἢ
1479 2085 1840 2146 δισπόνὸειος.

392 2258 445 2296 21
480 2253 734 2309 μονογενής
766 2253 925 2297 Choer.
954 2257 1023 2305 62,
1051 2255 1118 2295 20.
1183 2252 1269 2295 An.
1302 2251 1460 2295 Ambr.
1494 2251 1614 2294 AVI
1640 2256 1738 2304 229,
1767 2256 1835 2295 27.

393 2405 417 2443 3
467 2403 513 2444 eb
563 2406 584 2444 1
626 2401 749 2443 inter
788 2414 835 2444 se
875 2401 1116 2443 mutanbur
1153 2399 1202 2442 in
1249 2400 1321 2454 D3
1378 2398 1436 2443 of.
1478 2399 1534 2442 de
1583 2399 1742 2442 ordine
1790 2399 1962 2455 pedum

273 2460 491 2503 Hom-sch.
526 2460 560 2502 L
573 2460 659 2502 dM
693 2465 745 2502 37
803 2462 816 2515 ΙΙ
871 2465 895 2502 6
937 2461 1200 2516 διτροχαῖος
1231 2460 1276 2502 Α
1330 2460 1343 2513 ΙΙ
1400 2464 1453 2502 12
1498 2466 1687 2515 μακρῶν
1719 2465 1858 2512 τριῶν
1889 2460 1924 2501 Ι
1949 2461 1963 2515 ΙΙ

276 2524 330 2562 14
363 2520 442 2562 καὶ
475 2519 562 2562 del.
597 2519 739 2562 Pauw
763 2522 776 2572 ΙΙ
803 2524 857 2562 16
889 2517 916 2574 ἢ
950 2532 1037 2561 om.
1072 2519 1116 2560 A
1155 2519 1168 2573 ΙΙ
1209 2523 1263 2559 22
1299 2515 1363 2568 εἷς
1395 2518 1501 2561 add
1537 2517 1740 2560 Studem.
1779 2517 1783 2575 Ι
1821 2531 1961 2561 σπον-

275 2578 413 2633 διακὴ
439 2579 482 2621 Α
508 2581 522 2634 ΙΙ
546 2583 601 2621 23
633 2576 661 2633 ἢ
688 2577 984 2628 δισπόνὸειος
1007 2579 1041 2619 Ι
1067 2577 1138 2633 (Is.
1173 2577 1324 2619 TzetZ.
1357 2577 1471 2619 API
1497 2582 1566 2630 69,
1594 2579 1680 2633 26),
1715 2591 1800 2619 0111.
1827 2577 1962 2633 ΑΒΙΙ

275 2642 448 2680 22-23
477 2637 822 2694 ὀκτάχρονος-
834 2635 1129 2687 δισπόνδειος
1154 2650 1240 2678 0111.
1267 2637 1324 2678 H
