2060 3168
227 178 335 231 288
819 181 1051 222 ΣΧοΛΙΑ
1081 182 1118 222 Β
1151 179 1249 236 (lib.
1269 179 1326 236 V>

226 322 322 381 τῆς
368 315 437 366 δα
482 315 570 367 καὶ
612 334 636 367 ε
676 317 752 377 εἰς
791 317 923 383 μίαν
961 315 1189 384 μακράν.
1268 314 1352 367 ὅτι
1393 311 1453 367 δὲ
1491 316 1552 368 τὸ
1595 317 1664 368 δα
1702 319 1914 386 μακρόν

228 394 341 448 ἐστι
382 397 552 464 δῆλον
591 394 651 448 ἐκ
689 403 789 447 τοῦ

376 477 514 545 δαὴρ
555 472 685 529 αὖτ’
722 475 850 546 ἐμὸς
890 474 969 547 (Γ
992 474 1120 547 180)

375 559 847 626 αὐτοκασίγνητον
885 557 975 610 καὶ
1016 557 1184 627 δαέρα
1223 557 1298 628 (Ξ
1322 556 1466 629 156).

182 659 201 692 5
340 640 384 690 7.
409 636 486 691 Ἢ
505 649 616 692 τῶν
640 639 824 691 αὐτῶν
850 641 925 701 εἰς
949 642 1081 708 μιάν
1105 642 1369 709 βραχεῖαν
1399 641 1471 703 ὡς
1505 640 1565 694 ἐν
1596 648 1670 714 τῷ
1690 639 1768 712 (Γ
1784 641 1911 712 152)

375 719 616 790 δενδρέῳ
657 719 998 788 ἐφεζόμενοι·

227 802 457 853 δύναται
504 803 607 871 γὰρ
655 800 745 853 καὶ
787 801 929 854 οὕτω
975 801 1239 870 ’γενέσθαι
1280 805 1560 872 συνίζησις
1598 812 1698 857 τοῦ
1738 825 1778 856 ω
1818 805 1908 857 καὶ

227 902 250 934 ε
291 885 367 944 εἰς
405 886 537 951 μιάν
575 886 851 952 βραχεῖαν.
930 882 990 935 ἐν
1028 885 1204 955 τούτῳ
1252 884 1315 936 δέ
1352 904 1496 947 τινες
1533 886 1594 938 τὸ
1637 906 1677 938 ω
1717 887 1912 954 κοινὴν
1944 893 2060 952 (123]

227 965 507 1032 συλλαβὴν
544 971 768 1016 ποιοῦσι
799 966 1085 1034 πρότερον,
1126 967 1219 1018 ἵνα
1251 967 1353 1019 δύο
1385 969 1641 1036 βραχείας
1673 969 1751 1029 εἰς
1781 969 1914 1036 μίαν

160 1066 202 1097 10
226 1047 489 1113 βραχεῖαν
527 1048 914 1115 συναιρήσωσι.

334 1125 605 1194 Διαφέρει
638 1123 698 1178 δὲ
731 1129 1041 1196 συναλοιφὴ
1075 1132 1543 1197 συνεκφωνήσεως
1573 1132 1751 1199 ἤγουν
1782 1145 1912 1183 συν-

226 1209 458 1274 ιζήσεως.
520 1207 552 1275 ἡ
593 1204 694 1274 μὲν
735 1210 838 1278 γὰρ
881 1211 1191 1278 συναλοιφὴ
1233 1211 1304 1272 ὡς
1344 1212 1613 1280 γράφεται
1647 1211 1788 1264 οὕτω
1821 1213 1911 1264 καὶ

224 1287 567 1358 ἐκφωνεῖται,
607 1290 639 1358 ἡ
681 1291 742 1343 δὲ
781 1294 1059 1359 συνίζησις
1098 1291 1199 1360 οὐχ
1239 1292 1312 1353 ὡς
1351 1292 1617 1361 γράφεται
1652 1292 1912 1362 ἐκφωνεῖ-

223 1390 327 1437 ται,
367 1369 496 1422 ἀλλ’
533 1369 594 1423 ἐν
632 1378 707 1443 τῷ
744 1374 960 1440 βαίνειν
999 1374 1094 1435 τὰς
1134 1374 1236 1425 δύο
1277 1374 1554 1442 συλλαβὰς
1593 1373 1732 1442 ὁμοῦ
1770 1371 1911 1443 ὑπὲρ

157 1472 197 1504 15
223 1459 317 1520 τῆς
354 1459 454 1504 τοῦ
505 1452 707 1521 μέτρου
746 1455 1045 1522 θεραπείας
1085 1463 1445 1524 συνεκφωνεῖ.
1525 1456 1611 1508 διὸ
1653 1456 1742 1508 καὶ
1781 1470 1912 1508 συν-

224 1535 393 1601 ίζησις
447 1534 679 1602 λέγεται·
743 1536 1057 1599 συνιζάνειν
1110 1536 1213 1604 γὰρ
1270 1535 1483 1604 λέγεται
1537 1538 1598 1589 τὸ
1653 1534 1713 1590 ἔκ
1763 1557 1912 1600 τινος

222 1618 468 1679 μείζονος
515 1617 592 1677 εἰς
639 1618 863 1669 ἔλαττον
903 1619 1253 1685 συμπίπτειν·
1308 1617 1516 1686 εἴρηται
1557 1618 1618 1670 δὲ
1658 1618 1716 1670 ἐκ
1753 1638 1911 1684 μετα-

224 1703 399 1764 φορᾶς
466 1704 565 1748 τοῦ
635 1698 760 1765 περὶ
827 1699 959 1760 τοὺς
1023 1698 1425 1766 καθεζομένους
1489 1701 1910 1768 συμβαίνοντος,

224 1776 407 1845 ἐπειδὴ
450 1772 603 1830 οὗτοι
642 1778 1015 1841 καθεσθέντες
1055 1778 1417 1833 συστέλλουσι
1455 1781 1516 1832 τὸ
1556 1781 1805 1849 μέγεθος.

158 1975 198 2006 20
979 1955 1151 2009 XVII.

745 2059 907 2126 Περὶ
949 2059 1117 2113 ἐπῶν
1157 2064 1390 2129 χωλῶν.

336 2179 596 2230 Γίνονται
650 2179 714 2230 τὰ
769 2181 866 2247 ἔπη
922 2180 1069 2247 χωλὰ
1117 2179 1148 2248 ἢ
1203 2180 1359 2231 κατὰ
1413 2180 1828 2248 πλεονασμὸν
1876 2180 1907 2247 ἢ

224 2256 363 2309 κατ’
417 2259 691 2312 ἔνδειαν.
793 2258 1051 2326 ἑκατέρου
1114 2257 1174 2313 δὲ
1236 2261 1448 2312 τούτων
1511 2260 1905 2329 διαιρουμένου
1941 2267 2060 2324 (168)

223 2340 358 2391 κατά
402 2359 459 2391 τε
506 2342 606 2408 τὴν
653 2340 826 2410 ἀρχὴν
865 2342 1025 2410 (noel)
1072 2343 1131 2394 τὸ
1179 2341 1349 2410 μέσον
1396 2340 1485 2393 καὶ
1525 2342 1585 2393 τὸ
1626 2340 1779 2401 τέλο,ἱ
1827 2344 1907 2408 γί-

159 2439 198 2470 25
224 2441 414 2473 νονται
454 2424 683 2490 τρόποι
723 2421 807 2485 ἕξ·
849 2422 908 2475 ἐν
939 2423 1040 2489 μὲν
1071 2432 1134 2492 τῇ
1169 2423 1305 2492 ἀρχῇ
1340 2424 1460 2490 δύο,
1500 2422 1527 2475 ὁ
1561 2422 1908 2490 προκέφαλος

226 2499 309 2552 καὶ
357 2501 454 2568 <ὁ>
499 2502 786 2570 ἀκέφαλος,
828 2503 887 2554 ἐν
926 2511 999 2575 τῷ
1037 2504 1181 2575 μέσῳ
1224 2502 1283 2556 δὲ
1326 2504 1353 2556 ὁ
1393 2506 1710 2572 προκοίλιος
1749 2502 1838 2556 καὶ
1878 2503 1906 2556 ὁ

226 2701 279 2739 67
316 2644 395 2740 111
432 2639 604 2682 schol.A
632 2644 729 2694 107,
751 2645 802 2682 18
858 2643 871 2696 ΙΙ
927 2647 980 2683 22
1014 2644 1088 2685 At.
1119 2643 1239 2685 Fort.
1267 2641 1329 2684 VI
1354 2645 1460 2694 283,
1482 2646 1549 2684 12.
1613 2641 1672 2684 M.
1701 2641 1819 2684 vict.
1844 2640 1906 2683 VI

286 2733 294 2750 ‚
344 2705 486 2752 3qu-

344 2819 397 2858 10
430 2818 669 2874 βραχεῖαν]
703 2817 885 2873 μακρὰν
918 2819 1050 2861 codd.
1075 2820 1089 2873 ΙΙ
1117 2823 1169 2861 15
1203 2825 1491 2873 συνεκφωνεῖ
1513 2817 1658 2860 Gaisf.
1684 2830 1739 2860 ex
1772 2817 1903 2861 codd.

227 2873 410 2917 Barocc.
439 2880 491 2917 72
526 2878 573 2919 eb
606 2881 703 2930 115,
749 2884 1112 2931 συνεκφωνεῖται
1143 2879 1191 2929 lc,
1233 2877 1580 2932 συνεκφωνικὸν
1610 2891 1642 2931 1)
1695 2877 1709 2932 ΙΙ
1764 2881 1817 2918 26
1855 2876 1904 2919 ἐν

225 2932 348 2990 (cn)
380 2938 441 2991 τῷ
474 2933 592 2993 μέσῳ
627 2935 727 2988 δύο,
761 2935 783 2978 ὁ
818 2935 1034 2978 Hoerseh.
