2090 3158
616 163 749 206 xva.
770 173 793 205 4
823 163 967 204 ΠΕΡΙ
996 162 1448 203 ΑΣΤΝΑΡΓΗΤῼΝ
1772 162 1877 214 155

188 299 461 366 βραχειῶν
506 296 597 349 καὶ
644 295 842 350 λοιπὸν
881 295 910 349 ὁ
951 294 1070 365 ἑξῆς
1110 296 1418 363 εὑρίσκεται
1457 298 1778 365 χορίαμβος,
1818 294 1878 349 ἔκ

186 397 243 429 τε
290 385 385 445 τῆς
431 385 642 446 μακρᾶς
688 386 782 446 τῆς
831 380 1292 445 καταλειφθείσης
1336 385 1437 430 τοῦ
1484 378 1707 445 πρώτου
1747 377 1877 430 ἀνα-

186 459 421 511 παίστου
459 457 550 511 καὶ
590 457 650 512 ἐκ
690 469 803 512 τῶν
842 459 946 512 δύο
986 461 1259 528 βραχειῶν
1290 457 1377 511 καὶ
1412 467 1507 527 τῆς
1537 467 1747 527 μακρᾶς
1777 466 1875 512 τοῦ

187 538 451 607 δευτέρου
492 538 847 592 ἀναπαίστου.

296 621 482 688 48,14
520 619 611 673 καὶ
651 621 820 674 πάλιν
860 620 1046 689 ἐπειδὴ
1088 622 1246 683 λύσις
1284 628 1383 674 τοῦ
1423 622 1723 674 σπονδείου
1763 621 1876 674 ἐστὶ
1924 644 1944 676 5

187 702 457 764 δάκτυλος
495 701 582 755 καὶ
629 702 979 767 ἀνάπαιστος,
1020 703 1116 756 ἐὰν
1155 702 1215 755 ε’ν
1255 701 1392 772 ἀρχῃ
1432 708 1569 772 τεθῇ
1611 703 1639 755 ὁ
1681 703 1877 755 δάκτυ-

185 787 303 850 λος,
359 793 471 836 τῶν
526 783 643 852 ἑξῆς
694 786 874 837 ὄντων
920 784 1294 851 ἀναπαίστων,
1349 782 1411 836 τὸ
1468 782 1602 837 αὐτὸ
1651 787 1875 852 γίνεται.

184 857 308 917 οἷον
354 862 505 918 ἔστιν
553 865 581 918 ὁ
631 866 899 928 δάκτυλος
947 865 1003 918 ἐκ
1053 874 1263 935 μακρᾶς
1308 866 1397 918 καὶ
1438 866 1540 918 δύο
1580 868 1875 934 βραχειῶν·

185 948 395 1014 γίνεται
437 942 540 999 οὖν
580 946 608 999 ὁ
649 956 865 1016 πρῶτος
904 949 1142 1014 ἰωνικός,
1180 955 1275 1014 τῆς
1308 946 1568 1014 δευτέρας
1600 950 1877 1016 συλλαβῆς

184 1027 504 1128 λελυμένης,
560 1026 619 1080 ἐκ
673 1035 885 1098 μακρᾶς
938 1028 1029 1080 καὶ
1085 1029 1367 1097 τεσσάρων
1413 1031 1710 1098 βραχειῶν,
1765 1038 1876 1080 τῶν
1900 1051 1943 1083 ιο

183 1109 286 1162 δύο
334 1109 507 1162 αὐτοῦ
554 1108 645 1162 καὶ
689 1119 802 1162 τῶν
842 1109 945 1162 δύο
985 1117 1084 1162 τοῦ
1125 1110 1471 1162 ἀναπαίστου
1511 1108 1623 1179 [καὶ
1664 1112 1875 1178 γίνεται

181 1200 396 1259 πρῶτος
442 1191 672 1260 παίων]·
721 1189 918 1244 λοιπὸν
966 1190 994 1244 ὁ
1046 1189 1165 1259 ἑξῆς
1213 1191 1521 1260 εὑρισκεται
1560 1193 1875 1260 χορίαμβος,

183 1271 241 1324 ἐκ
288 1280 383 1340 τῆς
436 1280 645 1341 μακρᾶς
691 1280 786 1340 τῆς
832 1272 1093 1340 μεινάσης
1140 1279 1240 1324 τοῦ
1288 1272 1631 1324 ἀναπαίστου
1677 1271 1767 1325 καὶ
1816 1271 1874 1326 ἐκ

181 1362 280 1406 τοῦ
327 1355 499 1407 ἄλλου
546 1354 904 1407 ἀὛνειπαίστου
981 1354 1173 1421 πάλιν,
1221 1352 1318 1406 ἐὰν
1366 1353 1427 1407 ἐν
1472 1362 1536 1423 τῇ
1585 1353 1723 1423 ἀρχη
1771 1348 1805 1423 ᾐ
1845 1354 1874 1407 ὁ

182 1434 531 1504 ἀνάπαιστος,
573 1438 782 1503 γίνεται
824 1437 1044 1497 ι’ωνικὸς
1083 1437 1224 1504 ἔχων
1259 1436 1362 1503 τὴν
1393 1436 1618 1504 πρώτην
1650 1435 1874 1504 λελυμέ-
1899 1459 1940 1491 15

182 1537 288 1585 νην
327 1519 543 1586 μακρὰν
584 1516 695 1589 [καὶ
738 1521 947 1585 γίνεται
988 1518 1244 1584 δεύτερος
1283 1515 1506 1586 παίων],
1548 1517 1644 1580 ,καὶ
1685 1516 1714 1569 ὁ
1756 1516 1875 1585 ἑξῆς

50 1603 148 1663 [91]
183 1601 480 1669 χορίαμβος
517 1598 576 1652 ἐκ
607 1607 702 1667 τῆς
733 1599 994 1667 μεινάσης
1024 1606 1235 1667 μακρᾶς
1265 1596 1354 1650 καὶ
1387 1606 1486 1651 τοῦ
1519 1597 1874 1652 ἀναπαίστου.

183 1681 270 1733 διὸ
309 1679 401 1733 καὶ
442 1680 548 1733 ἀπὸ
591 1681 791 1749 ἰάμβου
832 1681 1093 1748 ἄρχονται
1126 1677 1277 1732 ἔστιν
1309 1679 1413 1746 ὅτε,
1454 1677 1568 1732 ἐπεὶ
1602 1682 1874 1749 συγγενὴς

63 1771 149 1811 205
183 1761 211 1814 ὁ
268 1765 464 1831 ἴαμβος
518 1769 591 1834 τῷ
642 1762 975 1832 ἀναπαίστῳ.
1063 1759 1161 1813 ἐὰν
1215 1762 1318 1829 γὰρ
1375 1761 1628 1829 λάβωμεν
1683 1763 1873 1830 στίχον

181 1845 376 1940 έχοντα
421 1845 596 1912 τομὴν
636 1842 984 1912 εφθημιμερῆ
1035 1845 1112 1905 εἰς
1157 1842 1322 1911 μέρος
1363 1845 1533 1910 λόγου
1574 1844 1872 1911 λήγουσαν,
1897 1866 1940 1898 20

180 1925 241 1977 τὸ
288 1923 411 1993 μετ’
449 1925 582 1977 αὐτὸ
631 1925 889 2018 ἰαμβικὸν
928 1924 1235 1991 εὑρίσκεται
1277 1924 1368 1977 καὶ
1407 1925 1604 1977 λοιπὸν
1643 1923 1871 1977 ἀνάπαι-

182 2022 302 2059 στοι
342 2005 395 2070 ἐξ
436 2005 626 2073 αὐτοῦ,
665 2009 788 2058 οἱον
826 2004 915 2058 καὶ

256 2087 416 2141 τόνδ’
455 2087 888 2156 ἀπαμειβόμενος
928 2101 1097 2155 προσ-

256 2169 358 2237 έφη
400 2171 574 2232 πόδας
613 2170 757 2231 ὠκὺς
797 2167 1080 2238 Ἀχιλλεύς.

182 2252 377 2303 λοιπὸν
422 2250 483 2302 τὸ
532 2252 650 2317 ἔφη
700 2252 916 2318 ἰάμβος·
966 2250 1029 2302 τὸ
1079 2247 1138 2302 δὲ
1185 2251 1386 2313 πόδας
1433 2250 1474 2302 ὠ
1516 2250 1868 2313 ἀνάπαιστος·
1895 2273 1937 2305 25

180 2331 271 2385 καὶ
310 2352 424 2394 κυς
463 2330 784 2400 Ἀχιλλεύς
823 2331 1157 2394 ἀνάπαιστος
1195 2330 1286 2383 καὶ
1327 2334 1588 2399 συλλαβή.

292 2413 379 2481 48,
407 2414 477 2466 14
517 2414 747 2465 δύναται
781 2409 841 2464 δὲ
881 2413 970 2465 καὶ
1003 2412 1109 2467 ἀπὸ
1143 2413 1508 2482 ἀναπαίστου]
1550 2414 1641 2466 ἴνα
1682 2415 1730 2466 εἰ
1768 2411 1870 2481 μὲν

182 2494 508 2547 ἀνάπαιστοι
548 2494 761 2562 εἴησαν,
809 2494 866 2545 αἱ
905 2504 1114 2562 πρῶται
1156 2495 1258 2548 δύο
1299 2499 1546 2564 βραχεῖαι
1587 2495 1768 2562 ὥσπερ
1812 2494 1870 2547 ἐκ

300 2681 325 2718 5
359 2677 437 2720 καὶ
470 2691 557 2719 om.
584 2678 617 2719 I
664 2678 677 2731 ΙΙ
730 2681 753 2719 9
787 2675 872 2731 τὴν
904 2674 1127 2730 δευτέραν
1159 2677 1388 2735 συλλαβὴν
1419 2675 1668 2733 λελυμένην
1701 2677 1750 2721 ἐκ
1782 2677 1868 2721 δύο

181 2743 370 2792 μακρῶν
402 2737 511 2789 ΙΜ,
545 2750 656 2779 corr.
683 2735 822 2777 Turn.
859 2737 873 2790 ΙΙ
916 2740 967 2778 11
1002 2737 1145 2779 αὐτοῦ
1179 2735 1320 2790 Caes,
1352 2743 1433 2779 τοῦ
1467 2737 1611 2780 αὐτοῦ
1644 2737 1752 2789 IM,
1785 2743 1867 2779 τοῦ

181 2796 412 2839 δακτύλου
444 2795 586 2837 Pauw
617 2797 630 2849 ΙΙ
666 2800 716 2837 11
751 2795 903 2838 καὶ-
924 2799 976 2836 12
1010 2792 1164 2838 παίων
1198 2796 1304 2839 secl.
1331 2795 1543 2851 Westph.
1576 2797 1590 2852 ΙΙ
1628 2800 1681 2838 16
1715 2796 1868 2839 καὶ-

180 2853 334 2899 παίων
360 2853 465 2897 secl.
480 2853 708 2910 Westph.‚
742 2853 799 2896 cf.
825 2852 973 2909 Heph.
994 2858 1130 2907 48‚19
1155 2857 1169 2909 11
1195 2859 1249 2897 26
1283 2856 1364 2898 καὶ
1387 2869 1474 2898 om.
1493 2855 1534 2908 I,
1566 2871 1650 2904 κυς
1673 2868 1760 2898 0111.
1782 2857 1867 2903 M.÷

182 2917 356 2956 27—28
389 2913 554 2957 melius
586 2926 769 2968 propos.
798 2911 924 2955 Caes.
958 2913 1042 2968 μὲν
1073 2913 1167 2957 ἀπὸ
1200 2911 1505 2967 ἀναπαίστου,
1539 2913 1700 2970 εἴησαν
