2060 3168
166 914 207 944 10

164 1341 205 1372 15

164 1719 206 1749 20

164 2049 205 2080 25

162 2382 204 2412 30

231 174 339 225 396
985 174 1162 215 TPIXA

232 309 275 349 Γ
273 305 551 363 αλλιαμβικὰ
584 306 662 349 καὶ
694 304 978 365 Μητρῳακά.
1043 305 1123 348 καὶ
1148 305 1466 363 Γαλλιαμβικά
1499 305 1581 361 μὲν
1614 307 1694 351 διὰ
1723 307 1775 352 τὸ
1801 307 1919 352 Γάλ-
1953 308 2042 366 (29

231 375 353 425 λους,
385 371 555 424 οιτινες
586 371 724 428 ἱερεῖς
755 366 873 427 ἦσαν
905 378 984 427 τῆς
1015 370 1273 427 Δήμητρος,
1308 375 1370 429 τῷ
1401 372 1596 432 τοιούτῳ
1624 371 1773 455 μέτρῳ
1803 374 1922 430 πρὸς

231 437 378 496 ύμνον
416 445 498 495 τῆς
534 445 627 483 τῶν
667 442 793 482 θεῶν
834 437 1004 494 μητρὸς
1033 440 1258 494 χρῆσθαι·
1305 437 1385 481 διὰ
1416 445 1551 482 τοῦτο
1585 439 1671 495 γὰρ
1703 441 1784 484 καὶ
1814 445 1920 497 Μη-

231 505 429 565 τρῳακά.
494 503 522 561 ἢ
555 502 668 559 παρ’
701 503 809 548 ὅσον
841 502 1088 559 ἀνειμένον
1120 503 1200 547 καὶ
1233 503 1422 548 ἔκλυτον
1446 504 1497 548 τὸ
1531 503 1772 560 ἐπίμικτόν
1797 507 1920 552 ἐστιν

233 571 442 616 ἰωνικόν.
477 572 556 615 καὶ
589 571 632 615 οἱ
668 571 835 614 Γάλλοι
867 569 970 627 γάρ,
1004 587 1048 614 οι
1081 570 1197 614 εἰσιν
1228 570 1369 621 ἔθνος
1399 587 1458 624 τι,
1489 578 1692 617 τοιοῦτοι
1723 574 1922 629 μαλακοὶ

230 639 311 682 καὶ
341 638 538 693 θήλειαν
571 637 711 682 νόσον
745 638 864 694 ἔχειν
897 634 1264 695 διαβαλλόμενοι.
1328 637 1632 693 ἀνακλώμενα
1657 638 1709 684 δὲ
1735 639 1814 684 διὰ
1837 640 1920 696 τὴν

231 703 409 759 αἰτίαν,
457 703 516 760 ἢν
566 705 742 761 ἔφαμεν
789 701 1026 758 ἀνωτέρω,
1073 700 1188 758 παρ’
1225 701 1335 748 ὅσον
1383 704 1406 748 ὁ
1457 705 1506 749 ἐν
1552 712 1650 756 τοῖς
1693 706 1923 757 τοιούτοις

230 769 413 827 ῥυθμὸς
444 772 702 815 ἀνακλᾶται
733 770 850 825 πρὸς
881 770 932 813 τὸ
965 777 1142 826 χαῦνον
1175 770 1255 813 καὶ
1287 770 1508 826 μαλακόν.

339 835 544 891 ’Ένὸοξά
577 838 663 881 εἰσι
694 837 774 880 καὶ
805 836 862 880 τὰ
895 835 1191 892 ἀκατάληπτα
1218 836 1512 894 τετράμετρα,
1546 837 1576 881 ἃ
1607 841 1690 899 μιᾷ
1722 840 1921 897 συλλαβῇ

230 912 322 948 τῶν
360 903 676 960 προκειμένων
718 904 842 948 ἐπῶν
880 902 1211 958 περιττεύουσι.
1274 905 1463 960 Σαπφώ
1494 920 1542 948 τε
1582 903 1670 966 γὰρ
1702 903 1922 962 κέχρηται

230 971 412 1022 τούτοις
443 971 522 1014 καὶ
549 968 743 1027 Ἀλκμὰν
775 970 856 1013 καὶ
885 966 1092 1020 Ἀλκαῖος
1125 969 1147 1013 ὁ
1180 969 1387 1027 ποιητής.

351 1038 445 1080 Καὶ
483 1036 604 1092 πέρα
644 1035 726 1092 μὲν
764 1036 942 1080 τούτων
974 1037 1058 1093 οὐχ
1094 1035 1283 1092 εὕρηταί
1313 1053 1383 1088 τις
1413 1044 1505 1081 τῶν
1536 1037 1647 1094 ἡμῖν
1678 1035 1922 1096 γνωρίμων

229 1105 463 1161 χρώμενος
493 1111 590 1153 τοῖς
621 1102 705 1146 ἀπ’
737 1102 983 1154 ἐλάσσονος
1008 1103 1231 1154 ἰωνικοῖς·
1267 1103 1308 1146 εἰ
1332 1100 1378 1146 δ’
1403 1101 1530 1157 εἰσίν,
1564 1102 1624 1154 ὥς
1646 1102 1767 1154 τινές
1790 1119 1922 1160 φασι,

230 1171 309 1214 καὶ
340 1170 643 1227 πεντάμετρα,
678 1170 727 1214 ἐκ
759 1177 851 1213 τῶν
884 1167 1125 1226 ῥηθέντων
1159 1167 1219 1213 ἂν
1251 1170 1446 1214 κάκεῖνα
1478 1171 1563 1214 οὐκ
1595 1169 1919 1228 ἀγνοήσαιμεν.

2056 850 2060 866 1
2056 795 2060 818 .-
2053 475 2060 775 -μ-μῃρμ-

974 1332 1084 1389 Cap.
1110 1332 1185 1375 IX.

765 1420 837 1465 θ’.
879 1421 1021 1476 Περὶ
1054 1428 1388 1466 παιωνικοῦ.

353 1511 414 1554 Τὸ
456 1511 717 1555 παιωνικὸν
756 1511 1042 1567 καλούμενον
1075 1510 1240 1566 μέτρον
1272 1518 1369 1560 τοῖς
1407 1513 1623 1561 παλαιοῖς
1654 1511 1735 1554 καὶ
1765 1527 1920 1566 κρητι-

229 1577 313 1621 κὸν
347 1577 639 1633 ὀνομάζεται,
685 1578 734 1622 ἐκ
766 1584 995 1634 κρητικῶν
1027 1576 1115 1634 γὰρ
1150 1575 1267 1621 ὅλων
1299 1578 1459 1621 ποδῶν
1492 1577 1727 1633 σύγκειται
1761 1575 1919 1621 ἐνίοτε.

230 1644 460 1700 Κρητικὸς
492 1644 543 1688 δὲ
575 1644 694 1696 πούς
725 1643 847 1688 ἐστιν
882 1643 905 1687 ὁ
937 1644 1017 1687 καὶ
1049 1641 1350 1700 ἀμφίμακρος
1381 1642 1636 1701 λεγόμενος,
1669 1644 1730 1693 ὡς
1759 1643 1839 1687 καὶ
1872 1644 1920 1688 ἐν
1968 1662 1971 1663 ’

232 1710 385 1762 ἄλλοις
422 1709 729 1767 προείπομεν,
774 1710 824 1754 ἐκ
865 1717 1045 1766 μακρᾶς
1075 1711 1155 1754 καὶ
1187 1708 1408 1768 βραχείας
1439 1711 1518 1754 καὶ
1550 1718 1729 1767 μακρᾶς
1761 1713 1920 1754 συλλα-

230 1778 324 1834 βῆς.
388 1778 554 1821 τούτου
586 1784 668 1821 τοῦ
701 1784 920 1834 κρητικοῦ
954 1777 994 1821 εἰ
1025 1776 1107 1832 μὲν
1139 1777 1167 1832 ἡ
1199 1775 1438 1820 τελευταία
1474 1777 1627 1832 μακρὰ
1660 1775 1824 1834 λυθείη
1856 1777 1922 1829 εἰς

230 1844 315 1887 δύο
349 1842 588 1902 βραχείας,
628 1851 757 1888 ποιεῖ
783 1843 866 1888 τὸν
898 1844 1185 1900 καλούμενον
1216 1851 1401 1899 πρῶτον
1433 1841 1643 1897 παίωνα,
1683 1842 1837 1902 <τὸν>
1870 1843 1919 1887 ἐκ

230 1917 410 1966 μακρᾶς
440 1911 520 1954 καὶ
551 1918 691 1966 τριῶν
725 1912 974 1968 βραχειῶν,
1020 1907 1122 1954 οἷον
1157 1908 1492 1967 (ἐχθρότατοςῆ
1557 1911 1597 1954 εἰ
1629 1907 1676 1954 δ’
1707 1910 1732 1966 ὴ
1764 1910 1921 1966 πρώτη
1953 1912 2060 1968 (299]

230 1976 384 2031 μακρὰ
416 1976 580 2033 λυθείη
615 1978 680 2027 εἰς
712 1978 796 2020 δύο
830 1975 1062 2035 βραχείας,
1094 1977 1175 2020 τὸν
1207 1974 1454 2034 λεγόμενον
1484 1975 1701 2031 τέταρτον
1732 1974 1920 2020 παίωνα

229 2051 375 2095 ποιεῖ,
423 2044 505 2087 τὸν
554 2043 603 2087 ἐκ
651 2051 790 2098 τριῶν
831 2046 1059 2101 βραχειῶν
1107 2043 1186 2086 καὶ
1233 2050 1432 2099 μακρᾶς,
1482 2041 1584 2087 οἷον
1627 2041 1918 2098 (φιλολόγοιῖ

235 2108 462 2164 Τέσσαρες
494 2109 580 2166 γάρ
614 2111 730 2154 εἰσιν
765 2110 809 2154 οἱ
841 2109 1045 2160 παίωνες
1075 2109 1449 2167 τετρασύλλαβοι·
1485 2109 1508 2153 ὁ
1541 2117 1722 2164 πρῶτος
1754 2110 1802 2154 ἐκ
1834 2126 1918 2165 μα-

229 2182 343 2230 κρᾶς
383 2177 462 2220 καὶ
501 2184 640 2232 τριῶν
682 2179 929 2234 βραχειῶν·
973 2176 997 2220 ὁ
1031 2176 1246 2231 δεύτερος
1285 2176 1333 2220 ἐκ
1374 2174 1593 2234 βραχείας
1629 2176 1709 2219 καὶ
1741 2183 1921 2232 μακρᾶς

229 2242 308 2285 καὶ
349 2243 433 2287 δύο
475 2245 725 2301 βραχειῶν,
765 2241 868 2287 οἷον
903 2242 1202 2299 (ὁμώνυμος’·
1251 2241 1274 2285 ὁ
1307 2241 1458 2297 τρίτος
1491 2243 1540 2286 ἐκ
1573 2242 1657 2286 δύο
1691 2244 1918 2300 βραχειῶν

229 2309 308 2351 καὶ
339 2317 520 2365 μακρᾶς
550 2310 629 2353 καὶ
662 2308 901 2367 βραχείας,
936 2307 1037 2354 οἷον
1072 2307 1348 2365 “θεότιμος’·
1397 2308 1419 2352 ὁ
1453 2307 1666 2363 τέταρτος
1698 2309 1747 2353 ἐκ
1778 2316 1918 2363 τριῶν

230 2376 456 2432 βραχειῶν
488 2377 567 2419 καὶ
600 2383 791 2432 μακρᾶς.

349 2542 373 2579 5
408 2538 547 2580 schol
551 2539 579 2565 A
601 2538 710 2593 (IM)
739 2542 834 2591 148,
855 2544 882 2581 4
906 2540 920 2595 Η
945 2544 971 2581 4
1003 2536 1247 2594 λελυμένον
1272 2538 1322 2581 τὸ
1348 2537 1514 2594 μέτρον
1548 2537 1722 2581 schol.A
1746 2541 1842 2591 148,
1864 2541 1885 2579 1
1901 2537 1915 2595 Η

231 2599 255 2635 8
288 2596 373 2637 An.
399 2597 555 2639 Ambr.
585 2600 693 2651 228,
715 2603 769 2639 14
803 2596 862 2654 (οἱ
904 2598 1135 2653 ἰωνικοὶ).
1203 2597 1484 2653 ,μαλθακὸν
1512 2633 1518 2639 .
1550 2633 1556 2640 .
1587 2633 1594 2639 .
1621 2597 1699 2640 καὶ
1738 2603 1915 2653 χαῦνον

229 2661 416 2697 ποιοῦσι
448 2655 529 2699 τὸν
562 2653 760 2712 ρυθμόν.

352 2807 371 2843 1
407 2802 512 2858 (bis)
547 2803 826 2860 γαλιαμβικὰ
856 2805 960 2848 PK
980 2805 994 2859 ΙΙ
1020 2809 1132 2846 1-2
1169 2802 1372 2855 Γάλλους
1401 2803 1538 2859 Jung‚
1571 2803 1766 2853 πολλοὺς
1789 2802 1911 2855 ΡΚ;

230 2860 286 2902 cf.
315 2866 339 2902 5
372 2863 388 2933 u
418 2865 443 2903 5
476 2860 562 2918 γάρ
595 2862 735 2919 Jung,
768 2862 819 2906 δὲ
853 2863 955 2906 PK
977 2865 991 2919 ΙΙ
1018 2867 1071 2905 14
1103 2862 1400 2919 ἀγνοήσωμεν
1435 2875 1659 2918 suprascr.
1694 2878 1743 2904 αι
1775 2861 1879 2903 PK
1898 2862 1911 2916 ΙΙ

231 2923 284 2962 18
321 2919 464 2963 ἐνιοτε
498 2921 729 2976 σύγκειται
764 2922 848 2977 ΚΗ
874 2927 927 2963 22
962 2921 1041 2965 τὸν
1075 2921 1180 2964 add.
1214 2921 1339 2977 Jung
1362 2923 1375 2977 ΙΙ
1401 2926 1455 2964 27
1488 2922 1566 2964 καὶ
1601 2920 1715 2976 (alb.)
1750 2933 1835 2963 om.
1863 2921 1918 2963 K
