2090 3158
219 151 321 204 156
907 154 1141 195 ΣΧοΛΙΑ
1170 154 1209 193 A

212 296 312 341 τοῦ
348 289 575 341 ἰωνικοῦ
616 286 1021 354 διαλελυμέναι,
1063 285 1158 339 ε’ἀν
1192 286 1252 338 δὲ
1284 286 1390 340 ἀπὸ
1417 288 1710 355 δακτύλου,
1734 286 1903 341 πάλιν

214 370 269 421 αἱ
301 370 435 437 μετὰ
473 371 574 438 τὴν
604 370 819 438 μακρὰν
851 370 951 420 δύο
986 370 1252 436 βραχεῖαι,
1286 368 1360 430 ὡς
1389 376 1490 420 τοῦ
1525 370 1752 421 ἰωνικοῦ
1786 369 1902 421 δια-

214 449 544 518 λελυμένου,
595 451 685 502 καὶ
724 451 757 518 ἡ
798 451 1030 516 συζυγία
1069 451 1516 516 πεντασύλλαβος
1557 450 1902 518 λαμβάνεται.

323 533 411 599 49,
440 533 472 583 2
522 533 753 584 δύναται
801 531 865 584 δέ
909 552 990 594 τις
1040 533 1381 598 βιαζόμενοςε
1438 531 1695 598 δύναται,
1747 533 1903 600 φησί,

169 612 296 675 5τὶς
349 614 654 681 βιάσασθαι
699 611 790 665 καὶ
835 613 1210 679 προσοδιακὸν
1264 620 1513 680 ποιῆσαι,
1565 614 1744 664 ὄντων
1792 622 1904 665 τῶν

214 696 317 748 δύο
374 694 493 762 ἑξῆς
548 695 858 747 σπονδείων
904 694 1048 762 <ὡς>
1095 693 1307 746 ἀστῶν
1362 694 1419 745 οἱ
1476 690 1592 762 μὲν
1638 695 1902 746 κατόπι-
1937 699 2034 758 [92]

214 782 379 828 σθεν
418 775 749 845 Ἀρχιλόχου,
802 776 904 828 δύο
953 775 1281 837 σπονδείους
1329 775 1540 828 ἀστῶν
1587 773 1636 827 δ’
1683 776 1742 827 οἱ
1789 775 1903 841 μὲν

215 855 599 926 [κατόπισθεν]
655 855 745 908 καὶ
797 856 1138 910 ἀνάπαιστον
1191 855 1281 909 καὶ
1329 857 1430 924 τὴν
1479 857 1758 924 συλλαβὴν
1804 863 1902 908 τοῦ

215 937 654 1008 ἑφθημιμεροῦς,
702 937 794 989 ἵνα
832 939 1150 1006 ποιήσωμεν
1189 938 1289 989 τὸν
1329 936 1671 990 ἀνάπαιστον
1709 941 1903 1005 μολοτ-

147 1040 190 1071 10
215 1020 312 1072 τὸν
360 1018 418 1072 ἐκ
465 1028 635 1088 τριῶν
684 1028 909 1088 μακρῶν
956 1017 1048 1071 καὶ
1088 1020 1342 1087 λάβωμεν
1382 1018 1551 1071 αὐτὸν
1590 1017 1712 1071 ἀντὶ
1755 1019 1903 1070 ἰωνι-

212 1109 313 1153 κοῦ
353 1108 451 1154 τοῦ
493 1100 597 1152 ἀπὸ
635 1102 904 1167 μείζονος·
946 1102 1263 1169 συναίρεσις
1295 1101 1398 1168 γὰρ
1433 1100 1604 1152 αὐτοῦ
1639 1099 1772 1152 ε’στί·
1811 1098 1902 1151 καὶ

215 1182 411 1235 λοιπὸν
460 1183 668 1250 γίνεται
711 1181 738 1235 ὁ
781 1180 901 1250 ἑξῆς
939 1184 1251 1251 χορίαμβος.
1331 1180 1650 1252 (χοριάμβός
1689 1179 1803 1233 ἐστι
1842 1181 1903 1233 τὸ

213 1260 330 1332 μὲν
380 1262 729 1334 κατόπισθ)
783 1262 911 1315 ἀλλ’
950 1263 1015 1315 οὐ
1055 1269 1130 1333 τῷ
1176 1263 1527 1334 προσοδιακῷ
1574 1261 1823 1329 ἐμπίπτει
1870 1262 1902 1329 ἡ

216 1348 536 1410 συναίρεσις
590 1353 689 1397 τοῦ
748 1346 1000 1411 ἰωνικοῦ,
1052 1343 1337 1396 τουτέστιν
1385 1342 1413 1396 ὁ
1468 1345 1756 1412 μολοττός,
1816 1343 1902 1395 διὸ

147 1446 188 1478 15
214 1419 331 1479 εἷπε
369 1428 769 1494 βιαζόμενος.

324 1508 410 1575 49,
440 1507 507 1559 10
547 1511 738 1576 τρίτην
778 1508 1056 1575 διαφορὰν
1096 1501 1259 1559 εἶναι;
1312 1507 1370 1559 οἱ
1405 1507 1508 1574 γὰρ
1551 1508 1706 1558 ἄλλοι
1747 1505 1903 1558 οὐδέ-

213 1608 344 1641 ποτε
383 1590 481 1641 τὸν
521 1598 743 1658 πρῶτον
779 1589 1118 1641 ἀνάπαιστον
1157 1587 1668 1657 παραλαμβάνουσι,
1706 1589 1905 1654 βουλό-

214 1691 371 1739 μενοι
417 1672 477 1723 τὸ
533 1670 908 1738 προσοδιακὸν
961 1664 1120 1737 εἶναι,
1176 1669 1268 1722 καὶ
1314 1668 1347 1736 ἢ
1399 1669 1653 1736 ἰαμβικὸν
1701 1669 1904 1734 λαμβά-

215 1766 377 1804 νουσι
432 1753 529 1804 τὸν
584 1752 846 1821 δεύτερον
892 1753 1107 1803 παίωνα
1153 1758 1468 1818 ποιοῦντες,
1523 1749 1556 1817 ἢ
1608 1750 1904 1802 σπονδεῖον

148 1853 189 1884 20
214 1834 311 1884 τὸν
353 1833 580 1886 ἰωνικὸν
620 1832 724 1884 ἀπὸ
764 1835 1011 1899 μείζονος
1049 1839 1353 1894 ποιοῦντες.

325 1914 414 1983 49,
438 1914 510 1965 20
549 1915 685 1983 πρὸς
724 1915 822 1967 τὸν
863 1916 1214 1983 ἰαμβοποιόνε
1253 1916 1440 1982 τρίτον
1472 1914 1575 1981 γὰρ
1608 1915 1904 1981 πεποίηκεν

217 1998 416 2063 ἰάμβον
471 1995 499 2047 ὁ
555 1999 831 2064 Κρατῖνος
891 1994 982 2048 καὶ
1047 1995 1228 2049 οὐκέτι
1291 2003 1579 2063 συμφωνεῖ
1637 1994 1783 2066 αὐτῷ
1839 1995 1899 2047 τὸ
1935 2004 2019 2043 206

214 2078 612 2144 προσοδιακόν,
669 2077 801 2143 ὅπερ
858 2075 1010 2129 ἐστὶν
1056 2075 1117 2130 ἐν
1163 2085 1237 2150 τῷ
1278 2076 1632 2149 Άρχιλοχείῳ.
1722 2078 1903 2130 δοκῶν

216 2154 317 2210 οὖν
356 2166 519 2210 τοῦτο
560 2163 849 2226 μιμεῖσθαι
887 2155 1054 2211 ἔλαθε
1093 2160 1166 2227 μὴ
1205 2160 1590 2226 μιμησάμενος.

148 2260 190 2291 25
327 2239 414 2302 49,
432 2239 502 2291 22
528 2248 654 2291 τῶν
682 2238 1076 2307 ἀωρολει’ων;
1111 2240 1400 2308 ἀωρόλειοι
1425 2241 1476 2292 οἱ
1501 2237 1602 2302 ἔξω
1628 2239 1732 2308 ἤδη
1760 2239 1903 2308 ὥρας

216 2322 552 2387 λειούμενοι,
600 2313 722 2373 οἷον
767 2319 826 2372 ἐν
873 2323 1014 2390 γήρα
1060 2323 1545 2389 καλλωπιζόμενοιε
1598 2351 1660 2358 -
1697 2318 1906 2372 K2IM

327 2402 467 2469 50,1
504 2402 564 2454 τὸ
605 2400 664 2454 ἐκ
705 2402 1052 2470 δακτυλικῆςε
1093 2403 1153 2455 τὸ
1195 2401 1252 2454 ἐκ
1291 2403 1574 2471 τεσσάρων
1615 2402 1903 2454 δακτύλων
1936 2403 2033 2460 [93]

215 2482 304 2535 καὶ
344 2493 512 2552 τριῶν
551 2484 836 2551 τροχαίων.

336 2669 360 2706 6
395 2666 454 2714 ὡς
486 2665 570 2708 ins.
598 2663 723 2707 Caes.
750 2666 763 2719 ΙΙ
790 2669 811 2706 7
839 2662 1091 2722 Αρχιλόχου
1119 2666 1260 2718 Caes,
1296 2665 1402 2722 ἄχρι
1431 2665 1562 2709 codd.
1592 2666 1598 2720 Ι
1627 2660 1903 2712 σπονδείους

219 2723 359 2778 Caes„
393 2721 650 2767 σπονδειων
684 2723 815 2766 codd.
857 2725 870 2778 ΙΙ
919 2728 943 2766 8
978 2723 1104 2767 Caes,
1139 2725 1426 2768 κατόπισθεν
1459 2737 1514 2768 ex
1544 2738 1585 2766 v.
1615 2727 1639 2766 6
1672 2725 1900 2778 transpos.

217 2784 323 2838 post
355 2787 378 2824 9
415 2782 762 2838 ἑφθημιμεροῦς
785 2784 798 2837 11
826 2787 880 2826 18
905 2784 975 2840 τὸ]
1002 2783 1115 2826 αὐτὸ
1141 2783 1388 2839 Westph.1
1416 2783 1515 2840 καὶ]
1542 2779 1640 2824 ἀλλ’
1663 2780 1902 2839 Westph.¹

219 2846 271 2883 21
305 2841 475 2884 rectius
507 2841 677 2884 lemma
702 2844 932 2895 Κρατῖνος
964 2842 1014 2885 δὲ
1049 2839 1158 2885 ὅταν
1185 2856 1313 2898 prop.
1342 2841 1469 2885 Caes,
1494 2844 1508 2897 Η
1533 2846 1589 2883 24
1621 2840 1680 2896 μὴ
1707 2854 1794 2883 om.
1815 2818 1902 2896 ΜΙΙ

219 2905 274 2943 25
308 2898 569 2954 ἀωρυλείων
603 2902 649 2943 et
680 2900 922 2953 ἀωρύλειοι
955 2902 1166 2957 1111126
1201 2899 1302 2944 οἷον
1335 2902 1444 2954 IM,
1476 2898 1709 2943 τουτέστιν
1742 2899 1821 2942 K2
