2060 3168
106 1080 147 1112 10

105 1485 146 1518 15

104 1862 145 1894 20

171 193 279 245 252
622 195 933 237 ΓΕΩΡΓΙΟΤ
964 196 1404 238 ΧΟΙΡΟΒΟΣΚΟΤ

169 329 240 391 ὡς
285 331 382 395 μία
427 330 717 393 ποδίζεται.
795 329 933 382 ἀλλὰ
981 330 1072 381 διὰ
1118 330 1179 382 τὸ
1227 329 1592 400 ἐπιφέρεσθαι
1632 329 1857 398 σύμφω-

169 430 271 462 νον
326 410 357 478 ἢ
412 409 501 463 καὶ
557 404 698 463 εἶναι
746 409 806 463 ἐν
851 410 994 463 τέλει
1041 409 1234 474 λέξεως
1280 411 1346 464 οὐ
1395 412 1628 464 δύναται
1676 409 1736 463 ἐν
1777 412 1856 463 δι-

170 494 406 564 φθόγγῳ
461 491 872 561 ἑκφωνηθῆναι.
951 491 1220 564 (ἔγνωμεν
1274 493 1378 562 γὰρ
1433 493 1717 554 πολλάκις,
1773 492 1856 544 ὅτι

171 573 435 626 οὐδέποτε
481 575 615 640 μετὰ
659 574 761 641 τὴν
802 576 864 625 ὗῖ
904 575 1224 643 δίφθογγον
1264 574 1569 643 σύμφωνον
1608 573 1857 642 ἐπιφέρε-

172 674 276 719 ται,
316 655 403 706 καὶ
446 654 528 706 ὅτι
569 655 669 722 οὐχ
710 654 1019 723 εὑρίσκεται
1058 653 1120 707 ἐν
1158 655 1300 707 τέλει
1340 653 1569 726 λέξεως.)
1648 656 1733 707 διὸ
1775 655 1863 707 δεῖ·

170 732 271 802 μὲν
318 734 591 804 ἐκφωνεῐν
636 734 725 788 καὶ
775 738 1106 806 περιστίζειν
1151 737 1212 788 τὸ
1262 739 1305 802 ἶ,
1354 735 1415 789 ἐν
1462 737 1522 788 δὲ
1567 743 1639 808 τῷ
1681 735 1859 807 μέτρῳ

173 818 244 878 ὡς
284 816 674 886 άνεκφώνητον
709 818 798 868 καὶ
830 818 972 884 <μὴ>
1005 818 1139 885 μετὰ
1171 819 1490 886 διφθόγγου
1524 818 1656 870 αὐτὸ
1688 835 1859 885 παρα-

174 900 487 965 λαμβάνειν.
551 902 659 967 ἕχει
700 894 804 951 οὗν
843 899 943 966 τὴν
981 898 1206 966 πρώτην
1246 901 1513 966 συζυγίαν
1543 899 1603 950 τὸ
1643 900 1861 967 προκεί-

171 999 342 1046 μενον
380 981 676 1049 τροχαϊκὴν
717 978 1044 1047 ἑπτάσημον,
1091 980 1190 1047 τὴν
1232 981 1293 1032 δὲ
1334 979 1598 1049 δευτέραν
1638 999 1860 1048 χοριαμ-

171 1065 348 1131 βικην.
425 1063 485 1114 τὸ
535 1064 639 1131 γὰρ
686 1065 790 1115 W
835 1063 1046 1130 μακρόν
1085 1060 1236 1114 ἐστιν
1277 1061 1335 1114 ἐκ
1375 1065 1717 1131 συναλοιφῆς
1757 1061 1861 1113 ἀπὸ

172 1152 270 1197 τοῦ
325 1144 429 1196 καὶ
485 1137 590 1195 εἶτ’
639 1141 843 1213 ἔρωτα
897 1138 1027 1213 κᾷτ’
1074 1141 1291 1213 ἔρωτα.
1376 1145 1476 1211 τὴν
1533 1141 1582 1195 δ’
1628 1142 1862 1211 ἐσχάτην

173 1226 372 1292 ὁμοίως
417 1232 492 1297 τῷ
537 1224 913 1296 προειρημένῳ
955 1222 1066 1293 ἔχει
1105 1223 1158 1288 ἐξ
1201 1225 1402 1293 ἰάμβου
1442 1225 1531 1277 καὶ
1571 1227 1860 1291 συλλαβῆς.

171 1309 230 1359 τὸ
279 1308 411 1359 αὐτὸ
458 1303 612 1359 ἔστιν
659 1308 834 1358 εἰπεῖν
880 1307 970 1358 καὶ
1011 1305 1098 1358 ἐπὶ
1137 1314 1236 1359 τοῦ
1279 1304 1416 1377 (Alc.
1451 1306 1506 1374 5,
1535 1307 1559 1358 1
1592 1332 1661 1348 =
1687 1305 1860 1374 Heph.

171 1390 266 1458 44,
291 1387 348 1460 6)

320 1478 472 1539 χαῖρε
513 1469 809 1531 Κυλλάνας
847 1467 875 1521 ὁ
916 1468 1115 1537 μέδεις,
1156 1469 1216 1521 σὲ
1256 1469 1360 1538 γάρ
1402 1489 1496 1538 μοι

171 1543 258 1596 καὶ

319 1618 500 1684 θυμὸς
539 1617 758 1685 ὑμνεῖν,
799 1617 896 1668 τὸν
935 1626 1273 1686 κορυφαῖσιν
1313 1617 1505 1685 ἁγναῖς
1545 1615 1683 1688 (Alc.
1719 1616 1775 1686 5,
1802 1614 1860 1687 2)

173 1712 262 1744 και

321 1769 477 1818 *Mala
517 1764 686 1833 γε’ννα
725 1772 799 1835 τῷ
841 1766 1092 1835 Κρονίδᾳ
1131 1767 1349 1833 μίγεισα
1390 1764 1527 1835 (Alc.
1554 1762 1693 1834 523).
1726 1796 1799 1801 —

173 1847 282 1917 (44,
311 1845 365 1918 1)
408 1845 547 1899 ὥστ’
589 1840 761 1899 εἶναι
800 1847 912 1898 τὸν
949 1848 1193 1899 κανόνα
1232 1854 1543 1898 τοιοῦτον
1583 1849 1732 1914 φησί.
1800 1847 1859 1898 τὸ
1894 1855 1947 1894 87

171 1940 205 2003 β
261 1937 503 2004 λάμβανε
557 1936 771 2005 μακράν
827 1933 1014 2006 (τοῦτο
1069 1936 1173 2004 γὰρ
1231 1937 1389 2003 δηλοῖ
1442 1935 1502 1987 τὸ
1559 1938 1617 2002 β,
1674 1935 1756 1987 ὅτι
1804 1933 1863 2003 β’
1896 1940 2018 1997 (200)

173 2021 363 2086 χρόνοι
404 2019 561 2083 εἰσίν,
603 2018 803 2079 οἵτινες
843 2017 1237 2085 ἀπεργάζονται
1269 2017 1371 2084 τὴν
1409 2014 1664 2086 μακράν),
1704 2016 1764 2067 τὸ
1800 2015 1860 2068 δὲ

170 2102 205 2151 ἆ
244 2101 344 2167 τὴν
383 2102 646 2168 βραχεῖαν
685 2097 738 2161 ἐξ
782 2097 903 2160 ἑνὸς
942 2099 1146 2167 χρόνου
1188 2093 1376 2150 οὖσαν.
1446 2098 1727 2165 πρόδηλον
1760 2093 1863 2149 οὗν

172 2181 231 2232 τὸ
291 2181 612 2248 λεγόμενον,
668 2180 750 2231 ὅτι
798 2179 830 2246 ἡ
878 2180 1064 2248 πρώτη
1117 2180 1364 2246 συλλαβή
1412 2177 1526 2231 ἐστι
1573 2179 1777 2247 μακρά,
1829 2179 1862 2246 ἡ

130 2280 146 2309 5
178 2260 406 2331 δευτέρα
468 2263 717 2329 βραχεῖα,
781 2260 813 2328 ἡ
867 2262 1019 2329 τρίτη
1076 2261 1351 2330 <μακρά>,
1407 2260 1439 2328 ἡ
1493 2260 1717 2329 τετάρτη
1772 2251 1862 2312 καὶ

295 2441 318 2478 3
354 2435 410 2478 cf.
445 2448 481 2478 e.
516 2451 559 2493 g.
595 2435 754 2479 Choer.
789 2435 838 2477 in
871 2435 1044 2478 Theod.
1073 2434 1312 2478 GGr1V1
1346 2450 1390 2490 p.
1420 2438 1519 2488 231,
1539 2438 1607 2478 35.
1644 2439 1742 2487 372,
1763 2439 1783 2476 1

295 2595 319 2632 3
355 2591 628 2647 ἕγνωμεν-
649 2595 672 2631 5
705 2589 865 2642 λέξεως
897 2604 984 2633 om.
1015 2591 1059 2634 U
1081 2592 1094 2646 11
1127 2595 1152 2632 4
1187 2590 1252 2646 υι]
1287 2605 1325 2631 ει
1361 2590 1454 2644 ΚΗ
1487 2595 1511 2632 6
1547 2590 1580 2646 Z]
1615 2587 1747 2644 γένος
1779 2589 1822 2631 U
1848 2591 1861 2645 ΙΙ

176 2654 197 2691 7
233 2650 292 2704 μὴ
327 2651 432 2692 add.
462 2650 589 2692 stud.
617 2651 630 2705 Η
658 2653 710 2691 10
744 2649 831 2705 γὰρ
865 2663 951 2692 om.
983 2651 1051 2704 Ul
1081 2650 1185 2706 κατ]
1219 2653 1298 2691 κ-οἴι
1328 2650 1389 2700 K
1423 2666 1483 2691 κα
1519 2650 1591 2703 UH
1618 2653 1671 2690 12
1706 2647 1861 2703 ἰαμβι-

174 2715 257 2750 κοῦ
291 2709 333 2751 U
376 2711 388 2763 Η
439 2714 490 2751 13
524 2709 640 2782 τοῦ]
659 2708 711 2751 τὸ
749 2710 791 2752 U
830 2711 843 2763 ΙΙ
893 2713 946 2750 15
981 2707 1150 2764 μέδεις]
1185 2705 1334 2762 μεδων
1369 2683 1417 2750 K
1455 2709 1469 2763 ΙΙ
1512 2711 1562 2749 17
1598 2713 1860 2760 κορυφᾶσιν

174 2768 340 2822 αὐγαῖς
372 2769 424 2810 Κ
455 2770 468 2823 Η
503 2773 555 2809 19
589 2766 793 2839 γέννατο
818 2769 922 2822 (om.
957 2770 1036 2823 τίδ’)
1069 2766 1222 2822 Bergk
1266 2767 1270 2823 Ι
1314 2764 1506 2821 κρονίδη
1540 2766 1594 2807 Κ
1630 2768 1636 2821 Ι
1679 2763 1860 2820 μίγεισα

176 2825 341 2881 Bergk,
370 2825 555 2882 μέγιστα
584 2827 634 2879 U
667 2823 825 2881 μαιεία
854 2826 905 2867 Κ
923 2827 936 2880 ΙΙ
963 2830 1014 2867 21
1043 2825 1267 2882 λαμβάνει
1295 2827 1367 2881 ΠΗ
1393 2830 1445 2867 21
1473 2829 1740 2867 τοῦτο--22
1774 2841 1859 2879 μα-

174 2884 290 2939 κρὰν
323 2899 409 2927 om.
444 2887 486 2929 U
531 2887 544 2940 ΙΙ
600 2890 654 2927 ‘23
694 2886 799 2940 post
839 2886 1062 2956 βραχεῖαν
1097 2883 1201 2926 add.
1236 2886 1279 2928 U
1305 2884 1352 2942 ἔχ
1357 2900 1396 2927 ει
1450 2885 1463 2939 ΙΙ
1519 2888 1573 2926 24
1607 2883 1734 2927 ἔσται
1766 2883 1854 2941 K!

174 2949 285 2985 24—
293 2948 347 2986 25
382 2943 408 2998 ἡ
443 2942 635 2999 δευτέρα
675 2944 754 2986 καὶ
792 2941 920 2999 τρίτη
954 2943 1043 2999 (vel
1074 2945 1117 2999 γ)
1158 2944 1350 3000 βραχεῖα
1391 2943 1539 2995 codd.
1581 2956 1692 2984 corr.
1728 2941 1856 2986 Stud
