2060 3168
645 196 733 236 VH
763 195 909 237 ΠΕΡΙ
937 195 1111 237 ΕΠΩΝ
1140 194 1358 236 ΧΩΛΩΝ
1739 194 1848 246 323

269 328 320 381 4.
368 329 434 381 τὰ
480 328 541 381 δὲ
586 325 821 395 ἔμπαλιν
868 327 1128 382 ἐνδέοντα
1177 333 1421 382 καλεῖται
1461 331 1848 398 σφηκοειδῆ,

156 411 230 474 ὡς
267 410 331 463 τὸ
373 407 428 480 (κ
453 408 548 480 60)

305 495 412 560 βῆν
452 493 530 554 εἰς
568 493 780 545 Αἰόλου
819 494 992 546 κλυτὰ
1032 494 1276 560 δώματα·

155 571 338 644 χρῄζει
377 573 481 642 γὰρ
522 571 551 625 ὁ
592 572 850 642 δεύτερος
887 576 1029 636 ποὺς
1067 576 1289 644 χρόνου.

268 654 318 708 5.
364 655 430 707 τὰ
478 651 539 707 δὲ
584 655 722 723 πρὸς
758 661 834 727 τῷ
881 654 1023 709 τέλει
1061 655 1232 710 πλέον
1271 652 1468 724 ἔχοντα
1506 662 1606 707 τοῦ
1644 654 1847 723 μέτρου
1895 674 1915 707 5

157 737 558 805 δολιχόουρα
595 741 857 804 καλεῖται,
898 730 1020 790 οἷον
1061 735 1110 807 (ε
1135 735 1268 807 231)

308 818 507 870 λεπτὸν
546 818 635 870 καὶ
676 821 881 887 χαρίεν,
921 820 1046 888 περὶ
1086 819 1146 872 δὲ
1188 820 1365 887 ζώνην
1402 816 1582 887 βάλετ’
1624 817 1748 882 lgm:

270 899 318 951 6.
358 900 424 951 τὰ
464 895 525 951 δὲ
565 897 826 952 ἐνδέοντα
864 901 1033 953 πάλιν
1063 903 1363 969 μείουροι,
1403 900 1476 962 ὡς
1506 900 1568 952 τὸ
1603 898 1700 970 (M
1716 898 1847 970 208)

314 983 493 1049 Τρῶες
533 977 581 1032 δ’
622 979 940 1050 ἐρρίγησαν,
980 981 1127 1044 ὅπως
1169 982 1292 1035 ι”δον
1332 983 1526 1034 αἰόλον
1565 982 1714 1049 ὄφιν.

271 1106 317 1158 7.
360 1104 503 1173 Περὶ
545 1106 606 1159 δὲ
646 1105 872 1160 ἐκείνων
910 1109 1000 1160 καὶ
1039 1117 1152 1160 τῶν
1192 1107 1397 1174 ὁμοίων
1874 1124 1917 1157 10

307 1187 516 1255 Βορέης
555 1189 644 1241 καὶ
682 1188 937 1258 Ζέφυρος
975 1191 1048 1242 τώ
1080 1209 1137 1242 τε
1171 1188 1467 1261 Θρῄκηθεν
1499 1189 1668 1256 ἄητον
1693 1186 1756 1258 (Ι
1773 1186 1849 1257 5),

307 1268 535 1331 πλέονές
557 1289 618 1322 κε
642 1279 946 1339 μνηστῆρες
970 1270 1032 1324 ἐν
1055 1271 1366 1340 ὑμετέροισι
1392 1271 1612 1336 δόμοισι
1638 1268 1695 1340 (σ
1715 1268 1847 1339 247)

160 1353 378 1420 ζήτησις
410 1350 480 1403 ἂν
512 1356 617 1419 εἴη·
658 1348 848 1421 ἔχουσι
881 1354 985 1420 γὰρ
1018 1354 1149 1415 τοὺς
1179 1354 1430 1421 πρώτους
1461 1352 1634 1413 πόδας
1665 1370 1851 1419 τετρα-

158 1435 394 1501 χρόνους
436 1433 911 1499 ι’σοδυναμοῦντας
949 1440 1024 1505 τῷ
1059 1434 1327 1505 δακτύλῳ,
1367 1434 1455 1486 καὶ
1490 1432 1617 1485 οὔτε
1649 1430 1849 1499 ἀκεφά-

158 1517 289 1575 λους
314 1511 464 1566 ἔστιν
489 1515 665 1566 εἰπεῖν
682 1546 750 1551 ——
771 1514 836 1566 οὐ
862 1516 966 1584 γὰρ
994 1514 1225 1568 ἐλλείπει
1250 1516 1447 1583 χρόνος
1471 1546 1540 1551 -
1567 1514 1695 1566 οὔτε
1718 1530 1851 1581 προ-
1876 1531 1917 1564 15

158 1595 437 1663 κεφάλους
461 1592 614 1648 ἔστιν
645 1596 843 1648 εἰπεῖν·
877 1597 945 1649 οὐ
977 1597 1082 1664 γὰρ
1115 1597 1433 1664 περιττεύει.
1489 1596 1590 1664 χρὴ
1623 1594 1684 1647 δὲ
1716 1595 1852 1646 κατὰ

159 1679 328 1744 λόγον
376 1677 689 1744 ἀκεφάλους
736 1677 938 1740 αὐτοὺς
984 1682 1192 1730 καλεῖν·
1247 1678 1493 1745 κεφαλὴν
1539 1677 1644 1746 γὰρ
1684 1677 1851 1739 ἔπους

157 1760 407 1811 καθόλου
461 1760 562 1826 τὴν
620 1759 901 1827 ἄρχουσαν
954 1760 1170 1828 μακρὰν
1231 1759 1331 1827 χρὴ
1395 1759 1638 1824 νομίζειν
1692 1753 1850 1809 εἶναι.

159 1839 255 1892 ἐὰν
318 1835 422 1892 οὖν
484 1839 618 1907 αὕτη
683 1848 778 1908 τῆς
837 1842 1039 1902 οἰκείας
1093 1842 1270 1909 χώρας
1325 1839 1519 1909 ἐκπέσῃ
1582 1839 1671 1891 καὶ
1727 1836 1844 1891 ἀντ’

158 1921 326 1989 αὐτῆς
364 1923 591 1990 βραχεῖα
629 1926 784 1991 τεθῇ,
825 1921 1104 1990 ἀκέφαλον
1144 1921 1197 1985 ἐξ
1238 1921 1477 1990 ἀνάγκης
1508 1921 1568 1972 τὸ
1602 1922 1731 1982 ἔπος
1767 1922 1850 1989 γί-
1875 1940 1917 1972 20

158 2022 326 2055 νεται.

257 2082 376 2136 Ὅτι
425 2084 485 2136 δὲ
532 2092 627 2151 τῆς
666 2084 944 2151 εὐφωνίας
984 2083 1012 2136 ὁ
1051 2085 1279 2152 ποιητὴς
1317 2088 1529 2150 μᾶλλον
1569 2082 1851 2153 ἐφρόντιζε

159 2163 191 2232 ἢ
232 2172 333 2217 τοῦ
374 2165 594 2233 μέτρου,
636 2167 807 2234 δῆλον
848 2164 906 2217 ἐκ
944 2173 1044 2218 τοῦ
1085 2163 1182 2236 (M
1198 2164 1331 2235 208)

317 2249 495 2314 Τρῶες
543 2245 589 2298 δ’
638 2245 960 2315 ἐρρίγησαν,
1009 2247 1153 2309 ὅπως
1203 2248 1325 2300 ἴδον
1371 2248 1564 2300 αἰόλον
1611 2247 1768 2314 ὄφιν·

281 2381 305 2419 3
340 2375 481 2419 schol.
517 2376 578 2418 ad
610 2393 636 2419 n
663 2379 806 2433 60118
839 2377 1052 2420 Eustath
1088 2378 1148 2420 ad
1179 2381 1237 2421 M
1258 2382 1343 2421 208
1375 2393 1419 2434 p.
1447 2381 1547 2431 900,
1567 2381 1590 2419 7

282 2485 304 2523 1
340 2480 391 2524 δὲ
425 2493 511 2523 om.
540 2481 594 2523 K
619 2482 633 2536 ΙΙ
666 2485 691 2522 2
723 2481 775 2523 τὸ
809 2482 1011 2537 0111.ΚΙΙ
1036 2486 1061 2523 3
1093 2495 1177 2537 pro
1210 2483 1372 2539 βῆν-
1390 2486 1418 2523 4
1449 2478 1622 2538 χρόνου
1654 2479 1779 2523 solus
1811 2479 1848 2522 Β

160 2538 277 2582 haec
309 2538 454 2582 habet
485 2539 666 2590 αἰδοῖος
696 2538 746 2583 τέ
777 2556 855 2595 μοι
887 2540 982 2584 ἐσσὶ
1015 2538 1118 2596 φίλε
1152 2540 1285 2594 ἑκυρὲ
1318 2539 1472 2590 δεινός
1494 2556 1541 2583 τε
1567 2542 1628 2595 (Γ
1650 2542 1772 2594 172)·
1807 2537 1851 2582 οἱ

163 2597 212 2642 ἐν
243 2605 304 2641 τῶ
337 2596 455 2654 μέσω
488 2597 630 2648 πόδες
661 2597 876 2656 χρήζουσι
906 2606 998 2643 τῶν
1030 2598 1210 2674 χρόνων
1234 2602 1249 2656 ΙΙ
1274 2605 1299 2642 3
1331 2598 1492 2672 κλυτὰ]
1527 2598 1645 2642 κατὰ
1671 2598 1850 2651 ΚΡΕ;

161 2656 288 2700 idem
320 2657 491 2700 schol.B
522 2659 535 2712 Η
569 2662 595 2699 4
633 2658 752 2707 ποὺς
784 2657 937 2711 Stud.;
969 2665 1051 2702 τοῦ
1084 2658 1216 2702 codd.
1242 2661 1256 2714 ΙΙ
1288 2664 1312 2701 6
1346 2657 1447 2703 δολί
1449 2674 1596 2716 χουρα
1628 2659 1674 2702 P
1701 2659 1715 2713 ΙΙ
1741 2661 1764 2699 7
1799 2657 1850 2701 δὲ

163 2729 252 2759 om.
285 2716 418 2759 codd.
452 2718 644 2772 excepto
677 2718 747 2759 P*
792 2719 806 2772 Η
854 2721 878 2759 9
914 2715 1055 2775 ὅπως]
1094 2717 1192 2762 ἐπεὶ
1224 2719 1278 2762 K
1318 2720 1332 2774 ΙΙ
1382 2723 1433 2761 12
1449 2677 1724 2772 χὴμετέροισι
1758 2716 1811 2759 Κ
1835 2716 1851 2774 ΙΙ

165 2779 218 2817 13
251 2777 358 2830 post
390 2775 458 2847 εἴη
485 2775 591 2818 add.
619 2775 760 2819 schol.
763 2778 789 2803 Β
815 2775 1014 2831 πότερον
1038 2776 1305 2832 ἀκεφάλους
1328 2777 1412 2836 χρὴ
1438 2775 1655 2833 λέγεσθαι
1680 2773 1708 2830 ἢ
1735 2774 1817 2830 μή,
1842 2778 1847 2831 Ι

163 2832 345 2889 ζήτησις
375 2831 422 2877 δ’
453 2832 511 2878 ἀν
544 2833 612 2890 εἴη
647 2835 687 2878 εἰ
719 2835 874 2907 ἔχουσι
905 2836 1013 2886 τοὺς
1044 2835 1080 2878 Β
1105 2838 1119 2892 ΙΙ
1146 2840 1199 2879 13
1231 2838 1442 2890 πρώτους
1473 2849 1560 2878 om.
1586 2837 1631 2879 P
1659 2837 1673 2890 ΙΙ
1708 2839 1760 2876 15
1794 2835 1849 2878 οὐ

164 2891 273 2950 γὰρ]
307 2892 410 2936 οὔτε
443 2895 522 2949 Pu
547 2899 600 2936 22
643 2892 881 2949 ἐφρόντιζε
914 2893 984 2937 vel
1018 2894 1205 2949 ἐκήδετο
1242 2909 1372 2951 prop
1408 2893 1851 2950 Stud.(ef.schol.1³

165 2955 265 3005 291,
284 2955 341 3006 2),
376 2950 550 3009 ἐγένετο
584 2953 715 2996 codd.

1497 3027 1583 3069 21*
