2060 3168
228 201 336 254 292
820 203 1052 245 ΣΧΟΑΙΑ
1081 204 1118 244 Β
1151 201 1249 258 (lib.
1270 201 1329 258 V)

227 345 414 406 κοινῆς
470 339 746 405 συλλαβῆς
807 337 1074 390 δύνανται
1128 341 1574 407 θεραπευθῆναι,
1629 339 1724 391 καί
1775 340 1916 391 εἰσιν

228 417 681 487 ὁμολογουμένως
705 418 873 485 πάθη.
912 418 1131 480 τούτοις
1155 417 1348 486 ὅμοιόν
1374 418 1486 471 ἐστι
1511 420 1599 472 καὶ
1624 420 1684 472 τὸ
1703 418 1763 490 (μ
1779 419 1913 490 423)

377 499 626 562 ἐπίτονος
664 498 897 567 βέβλητο
937 498 1069 566 βοὸς
1109 498 1286 567 ῥινοῖο
1325 500 1603 567 τετευχώς.

974 658 1170 714 XVIII.

589 764 791 832 <Περὶ
832 764 1027 820 εἱδῶν
1065 771 1179 816 τοῦ
1220 763 1559 834 ἡρωϊκοῦ>.

338 868 466 921 Εἰσὶ
508 869 568 922 δὲ
606 869 695 921 καὶ
736 869 853 936 εἰδη
893 869 1095 936 στίχων
1127 866 1202 930 ἕξ·
1245 869 1550 937 ἰσόχρονος,
1592 869 1915 939 ἀπηρτισμέ-

227 970 337 1019 νος,
377 950 595 1018 τραχύς,
635 950 1013 1018 μαλακοειδής,
1052 951 1376 1017 κακόφωνος
1414 950 1503 1003 καὶ
1545 951 1841 1019 λογοειδής.

342 1032 386 1083 1.
450 1030 813 1100 Ἰσόχρονος
859 1026 960 1098 μὲν
1007 1026 1110 1083 οὖν
1158 1028 1308 1083 ἐστιν
1356 1030 1383 1084 ὁ
1432 1033 1497 1084 τὰ
1551 1031 1758 1100 μεγέθη
1806 1041 1916 1084 τῶν

229 1115 519 1181 συλλαβῶν
557 1111 648 1164 καὶ
687 1113 817 1173 τοὺς
855 1112 1027 1173 πόδας
1067 1111 1171 1164 ἀπὸ
1203 1121 1315 1164 τῶν
1353 1115 1587 1182 πρώτων
1618 1113 1774 1182 μέχρι
1806 1122 1916 1165 τῶν

161 1216 204 1247 10
230 1193 471 1263 ἐσχάτων
509 1195 574 1246 τὰ
614 1193 751 1246 αὐτὰ
790 1190 931 1262 ἔχων
969 1194 1146 1261 ἤγουν
1178 1191 1231 1256 ἐξ
1265 1193 1410 1246 ὅλων
1442 1195 1751 1246 σπονδείων
1784 1207 1915 1262 συγ-

228 1277 493 1344 κείμενος,
535 1276 607 1337 ὡς
646 1276 705 1327 τὸ
749 1271 814 1345 (φ
843 1271 935 1343 15)

374 1357 448 1409 τὼ
491 1355 538 1409 δ’
578 1355 639 1409 ἐν
678 1357 944 1424 Μεσσήνῃ
986 1353 1299 1423 ξυμβλήτην
1339 1355 1637 1424 ἀλλήλοιϊν.

339 1439 386 1490 2.
429 1436 926 1507 Ἀπηρτισμένος
961 1435 1094 1504 <δὲ>
1127 1435 1154 1488 ὁ
1188 1437 1446 1489 διάνοιαν
1482 1438 1745 1506 αὐτοτελῆ
1778 1435 1917 1506 ἔχων

231 1520 290 1573 ἐν
328 1519 475 1592 αὑτῷ
509 1513 630 1572 οἷον
671 1518 757 1590 (H
779 1516 834 1589 1)

163 1622 203 1653 15
378 1601 450 1664 ὣς
490 1603 658 1654 εἰπὼν
698 1599 918 1653 πυλέων
958 1597 1210 1661 ἐξέσσυτο
1253 1600 1514 1667 φαίδιμος
1541 1598 1766 1670 “”Έκτωρ.

341 1684 388 1736 3.
445 1685 695 1753 Τραχὺς
735 1681 799 1734 δέ
836 1680 986 1733 ἐστιν
1027 1680 1054 1733 ὁ
1096 1682 1194 1732 τὸν
1235 1681 1457 1750 ῥυθμὸν
1494 1691 1604 1734 τῶν
1645 1685 1916 1751 φθόγγων

232 1761 289 1816 ἐκ
328 1762 676 1832 τραχυτέρων
715 1761 914 1825 λέξεων
954 1771 1248 1829 συνιστῶν,
1290 1756 1413 1815 οἷον
1452 1761 1532 1832 (Γ
1551 1761 1681 1833 363)

376 1845 578 1913 τριχθά
616 1863 674 1896 τε
713 1845 802 1896 καὶ
842 1843 1116 1911 τετραχθὰ
1155 1840 1463 1911 διατρυφὲν
1495 1846 1684 1896 ἔκπεσε
1723 1845 1914 1913 χειρός.

341 1925 390 1977 4.
430 1925 893 1991 Μαλακοειδὴς
934 1923 998 1976 δέ
1034 1923 1185 1976 ἐστιν
1218 1924 1245 1976 ὁ
1286 1927 1442 1986 λείως
1482 1924 1759 1991 ἐμπίπτων
1799 1934 1916 1986 ταῖς

165 2029 207 2059 20
234 2005 438 2074 ἀκοαῖς,
479 1999 602 2058 οἷον
643 2006 715 2076 (P
734 2003 827 2076 51)

380 2088 568 2153 αἵματί
605 2088 657 2139 οἱ
699 2087 928 2139 δεύοντο
968 2089 1128 2155 κόμαι
1171 2089 1501 2155 Χαρίτεσσιν
1540 2086 1737 2155 ὁμοῖαι.

343 2167 390 2220 5.
432 2170 832 2235 Κακόφωνος
873 2168 938 2220 δέ
974 2169 1122 2220 ἐστιν
1154 2162 1196 2239 ᾧ
1221 2170 1398 2220 πολλὰ
1431 2171 1719 2236 φωνήεντα
1750 2171 1916 2239 πρόσ-

234 2264 399 2318 εστιν,
440 2243 561 2302 οἷον
601 2248 655 2319 (λ
686 2248 813 2319 128)

382 2334 494 2404 φήῃ
535 2331 911 2399 ἀθηρηλοιγὸν
951 2332 1095 2399 ἔχειν
1135 2330 1238 2382 ἀνά
1278 2331 1520 2398 φαιδίμω
1562 2331 1702 2399 ὤμω.

166 2434 207 2465 25
346 2414 391 2463 6.
446 2413 807 2480 Λογοειδὴς
849 2411 913 2464 δέ
950 2412 1099 2463 ἐστιν
1139 2411 1166 2464 ὁ
1207 2414 1491 2479 πεζότερος
1530 2420 1593 2481 τῇ
1635 2410 1916 2479 συνθέσει,

237 2486 356 2546 οἷον
398 2491 472 2563 (A
497 2492 628 2562 680)

383 2575 584 2635 ἵππους
620 2593 677 2625 τε
718 2571 923 2635 ξανθὰς
964 2572 1156 2625 ἑκατὸν
1194 2572 1283 2625 καὶ
1322 2574 1674 2640 πεντήκοντα.

358 2716 409 2753 16
441 2711 628 2768 τραχὺς]
664 2710 804 2753 schol.
838 2711 886 2752 in
919 2710 1052 2754 Dion.
1078 2711 1184 2754 Thr.
1213 2715 1311 2764 350,
1332 2716 1382 2754 11

357 2833 380 2870 3
415 2827 638 2878 ἐπίπονος
670 2829 800 2871 codd.
849 2830 862 2883 Η
910 2832 934 2871 5
969 2829 1075 2872 add.
1108 2829 1326 2872 Hoersch,
1370 2831 1384 2884 ΙΙ
1433 2833 1485 2872 16
1520 2828 1543 2871 ὁ
1575 2833 1638 2886 τῷ
1671 2826 1803 2887 ῥοίζῳ
1835 2829 1916 2872 τὸν

239 2885 454 2943 φθόγγον
488 2886 703 2937 συνιστάς
728 2901 833 2942 app.
859 2887 992 2930 Dion.
1023 2891 1034 2943 ΙΙ
1061 2893 1111 2930 19
1139 2885 1398 2931 ἐπιπίπτων
1424 2901 1528 2943 app.
1556 2887 1686 2930 Dion.
1713 2890 1726 2943 Η
1752 2893 1806 2930 24
1832 2895 1917 2943 φῆι

240 2945 366 3000 ἀθὴρ
399 2947 554 3002 λοιγὸν
580 2961 630 3000 p.
663 2951 792 3000 φῆρα
823 2949 952 3001 θῆρα
984 2946 1139 3003 λοιγόν
1170 2948 1197 2989 k
1220 2950 1234 3002 Η
1260 2952 1313 2989 27
1348 2947 1413 3004 τε]
1447 2945 1497 2990 δὲ
1529 2946 1754 2989 Homerus

1941 774 2060 828 (171)
