2060 3168
308 601 371 661 Π
424 601 539 662 DE
585 601 879 663 METRO
926 603 1038 663 ET
1084 602 1199 662 DE
1244 557 1627 663 PEDiBUs.

919 736 943 786 ς
969 736 1008 776 1.

486 818 640 863 Πόσα
671 819 987 876 παρέπεται
1019 828 1138 872 τοῖς
1169 820 1413 878 μέτροις,

239 905 510 962 Παρέπεται
539 915 636 959 τοῖς
675 907 856 964 μέτροις
887 905 1026 965 ἑπτά,
1065 909 1185 953 κατὰ
1215 910 1355 954 ποιὸν
1384 910 1466 954 καὶ
1495 908 1615 953 κατὰ
1646 908 1806 953 ποσόν.

121 974 202 1016 καὶ
233 973 354 1018 κατὰ
385 973 468 1030 μὲν
499 974 724 1031 ποιότητα
757 975 827 1020 δ’·
869 974 1022 1032 γένος,
1062 973 1207 1030 εἶδος,
1240 977 1475 1030 σύνταξις,
1507 975 1642 1032 τομή·
1688 975 1807 1020 κατὰ
1854 991 1874 1024 5

125 1036 176 1082 δὲ
217 1039 450 1097 ποσότητα
488 1039 613 1097 τρία’
663 1041 882 1099 μέγεθος,
923 1041 1091 1101 σχέσις,
1131 1043 1374 1094 ἀπόθεσις.
1435 1043 1530 1086 Καὶ
1562 1041 1695 1099 γένος
1725 1041 1810 1099 μέν

125 1105 249 1150 ἔστιν
281 1105 310 1162 ἡ
344 1106 584 1163 ἐπιπλοκή,
617 1109 679 1159 ὡς
710 1110 988 1154 ὃακτυλικοῦ
1019 1109 1135 1165 πρὸς
1166 1107 1519 1153 ἀναπαιστικόν.
1584 1105 1728 1160 Εἶδος
1758 1109 1809 1153 δὲ

125 1168 237 1227 ὅπερ
278 1171 472 1218 ἕκαστον
506 1175 660 1218 αὐτῶν
691 1175 907 1234 τυγχάνει
940 1176 1016 1232 ὅν,
1057 1173 1160 1221 οἷον
1191 1176 1439 1233 τροχαϊκὸν
1474 1174 1501 1231 ἢ
1534 1177 1810 1220 ἀναπαιστι-

122 1236 220 1283 κόν.
285 1239 515 1292 Σύνταξις
546 1241 597 1285 δὲ
627 1241 678 1284 τὸ
713 1238 836 1286 εἶναι
876 1240 1070 1287 ἕκαστον
1108 1243 1261 1286 αὐτῶν
1293 1241 1473 1286 ἁπλοῦν
1504 1240 1532 1298 ἢ
1566 1243 1810 1286 σύνθετον.

123 1305 304 1350 ἁπλοῦν
344 1307 427 1362 μὲν
458 1307 509 1351 τὸ
543 1307 589 1360 ἐξ
622 1308 726 1358 ἑνὸς
756 1307 922 1363 ποδός,
964 1307 1075 1363 ὅπερ
1113 1305 1190 1353 ἐπὶ
1220 1316 1313 1353 τῶν
1343 1309 1616 1366 ποιημάτων
1648 1307 1811 1365 ἥκιστα
1836 1326 1878 1357 10

124 1371 248 1417 ἔστιν
281 1372 526 1428 εὑρέσθαι,
562 1373 637 1418 ἐπὶ
669 1373 827 1431 μέντοι
859 1373 1014 1434 στίχου
1047 1377 1107 1426 ὡς
1136 1376 1189 1420 τὸ
1223 1378 1279 1432 (Λ
1306 1378 1406 1432 130)

299 1438 540 1496 Ἀτρείδης·
573 1440 635 1484 τὼ
667 1438 715 1484 δ’
744 1439 848 1486 αὖτ’
879 1442 928 1486 ἐκ
962 1441 1135 1498 δίφρου
1169 1440 1508 1500 γουναζέσθην·

123 1505 355 1550 σύνθετον
394 1507 445 1550 δὲ
484 1507 537 1551 τὸ
578 1507 628 1551 ἐκ
668 1506 910 1564 διαφόρων
951 1511 1123 1554 ποδῶν.
1191 1509 1318 1564 Τομὴ
1351 1506 1396 1552 δ’
1426 1509 1550 1554 ἐστὶν
1581 1509 1814 1566 εὐπρεπὴς

125 1572 413 1628 ἀπαρτισμὸς
451 1572 629 1626 λέξεων.
699 1575 921 1631 Μέγεθος
959 1576 1011 1620 δὲ
1050 1576 1111 1626 ὡς
1151 1573 1261 1619 ὅταν
1300 1576 1351 1619 τὸ
1390 1575 1474 1631 μὲν
1513 1569 1542 1635 ᾗ
1582 1575 1813 1632 δι’μετρον,

124 1637 212 1697 (τὸ
245 1638 296 1683 δὲ
326 1637 591 1695 τρίμετρον,
630 1641 682 1684 τὸ
715 1640 767 1685 δὲ
798 1641 1153 1701 τετράμετρον).
1216 1640 1383 1700 Σχέσις
1420 1643 1471 1686 δὲ
1511 1643 1572 1693 ὡς
1611 1641 1724 1687 ὅταν
1755 1642 1813 1687 τὰ
1837 1658 1879 1690 15

124 1705 209 1762 μὲν
242 1697 271 1765 ᾖ
302 1705 573 1764 τεταγμένα,
605 1707 662 1751 τὰ
695 1705 743 1751 δ’
771 1708 962 1753 ἄτακτα.
1025 1707 1259 1760 ’Λπόθεσις
1290 1708 1341 1752 δὲ
1375 1709 1436 1760 ὡς
1468 1706 1579 1753 ὅταν
1612 1708 1812 1766 εἴπωμεν

121 1771 173 1815 τὸ
206 1772 291 1827 μὲν
318 1771 661 1830 ἀκατάληπτον,
693 1774 744 1818 τὸ
778 1776 829 1819 δὲ
860 1774 1210 1832 καταληκτικόν.

921 1927 1019 1976 ξε.

249 2012 354 2054 Τῶν
386 2009 438 2054 δὲ
470 2017 693 2066 μετρικῶν
727 2011 770 2055 οἱ
803 2011 886 2067 μὲν
918 2011 1012 2056 ἀπὸ
1046 2011 1272 2070 στοιχείου
1306 2012 1527 2068 ἤρξαντο,
1559 2012 1603 2057 οἱ
1635 2012 1687 2058 δὲ
1718 2014 1813 2058 ἀπὸ

124 2081 206 2119 τοῦ
238 2073 426 2131 μέτρου·
468 2076 582 2120 ἀλλὰ
612 2077 664 2121 τὸ
697 2078 780 2133 μὲν
812 2085 1130 2135 γραμματικῆς
1162 2078 1302 2134 ἴδιον,
1333 2080 1385 2124 τὸ
1417 2079 1469 2124 δὲ
1501 2079 1813 2135 ἐντελεστέρας
1838 2095 1881 2127 20

244 2198 269 2236 2
305 2198 329 2247 ξ
358 2199 379 2236 1
414 2207 470 2238 ex
501 2197 635 2251 parte
666 2195 854 2239 uberior
878 2199 948 2240 est
973 2210 1010 2240 e.
1028 2213 1072 2254 g.
1099 2197 1146 2240 in
1174 2198 1258 2241 An.
1278 2196 1398 2241 Chis.
1426 2203 1450 2252 ξ
1470 2202 1537 2241 10.
1574 2197 1643 2241 Ps.
1663 2197 1810 2254 Heph.

126 2257 150 2305 ξ
177 2257 255 2306 453
282 2252 337 2297 cf.
363 2255 608 2309 praeterea
634 2253 792 2298 Choer.
821 2261 920 2310 221,
941 2261 994 2299 18
1011 2271 1109 2312 sqq.
1135 2259 1150 2313 ΙΙ
1177 2262 1229 2300 18
1264 2262 1288 2310 ἓ
1316 2261 1340 2299 2
1359 2279 1414 2294 --
1432 2258 1517 2300 An.
1539 2256 1660 2301 Chis.
1688 2262 1713 2311 ξ
1736 2262 1811 2311 11;

125 2311 182 2355 cf.
215 2311 358 2369 Long.
391 2312 525 2369 proll.
559 2329 604 2369 p.
631 2318 702 2368 81,
722 2319 789 2358 12.
823 2318 893 2368 86,
915 2320 1102 2370 14-87,
1124 2321 1191 2359 10.
1227 2315 1386 2360 Choer.
1416 2319 1514 2372 184,
1535 2321 1589 2359 14
1604 2330 1702 2372 sqq.
1737 2316 1812 2373 (cf.

126 2370 267 2415 schol.
301 2371 349 2414 in
381 2371 514 2415 Dion.
541 2372 648 2416 Thr.
678 2377 775 2427 165,
796 2377 948 2431 lsqq.)

244 2494 270 2532 2
314 2490 383 2533 ed.
430 2503 484 2532 ex
520 2490 564 2534 U
600 2490 722 2547 (Vat.
753 2496 828 2547 14,
871 2492 918 2535 in
964 2507 1055 2548 quo
1098 2494 1213 2537 haec
1258 2493 1467 2550 capitula
1507 2493 1815 2537 Choerobosci

125 2551 421 2592 commentar.
449 2549 715 2592 absolutum
749 2554 1023 2608 sequuntur)
1047 2553 1095 2596 et
1120 2554 1174 2596 K
1193 2552 1323 2609 (Ven.
1343 2553 1483 2596 Marc.
1503 2557 1604 2607 483,
1628 2552 1707 2597 fol.
1730 2558 1812 2596 151

146 2612 196 2660 ἐξ
216 2612 254 2651 1.
274 2608 320 2666 2]
346 2611 393 2651 et
418 2613 496 2661 63;
529 2608 585 2652 cf.
613 2609 703 2653 AV
730 2614 797 2653 91.
826 2615 878 2652 97
892 2625 958 2666 sq.
989 2613 1089 2666 188)
1114 2614 1162 2655 et
1184 2612 1233 2654 in
1259 2614 1466 2656 extrema
1489 2614 1638 2668 parte,
1662 2612 1745 2655 ubi
1767 2612 1822 2656 K

158 2669 268 2719 θεοῦ,
303 2680 359 2711 ex
382 2667 417 2712 S
438 2667 665 2722 (Saibant.
694 2668 824 2712 BodJ.
850 2670 983 2713 Auct.
1004 2670 1041 2713 T
1065 2670 1130 2714 IV
1147 2676 1194 2724 93
1228 2671 1284 2714 cf.
1311 2671 1440 2714 MRh
1459 2676 1513 2714 36
1539 2686 1583 2727 p.
1604 2675 1689 2714 284
1700 2685 1815 2727 sqq„

126 2724 216 2767 AV
240 2730 310 2779 89,
345 2727 432 2770 GA
459 2730 572 2770 1887
606 2742 650 2783 p.
677 2730 780 2784 602)
827 2731 842 2784 ΙΙ
889 2732 915 2771 8
946 2729 1163 2787 τυγχάνει
1195 2743 1282 2773 om.
1312 2731 1357 2775 U
1407 2732 1412 2786 Ι
1462 2728 1489 2786 ἢ
1525 2731 1576 2785 U,
1607 2731 1687 2774 καὶ
1723 2731 1776 2774 Κ
1802 2732 1816 2787 ΙΙ

129 2787 184 2826 10
217 2781 344 2842 ὅπερ]
382 2783 405 2828 ὃ
441 2786 510 2840 Ul
538 2793 629 2829 τῶν
655 2800 742 2830 om.
772 2787 842 2844 Ul
871 2785 1060 2844 ἤκιστον
1085 2791 1189 2846 (om.
1218 2790 1357 2846 ἔστιν)
1384 2790 1458 2846 ΠΙΙ
1485 2794 1538 2833 14
1563 2789 1635 2848 τὸ]
1660 2789 1718 2833 τὰ
1741 2790 1816 2846 ΠΗ

130 2847 183 2886 14
223 2838 324 2899 ἦ--
344 2848 396 2887 16
430 2839 457 2900 ἦ
490 2858 577 2888 om.
607 2846 657 2900 U,
696 2845 811 2889 item
842 2847 927 2890 An.
955 2847 1076 2891 Chis.
1131 2850 1146 2904 ΙΙ
1203 2853 1256 2892 15
1288 2849 1339 2892 τὸ
1376 2884 1383 2891 .
1412 2884 1419 2892 .
1449 2884 1456 2892 .
1490 2864 1670 2906 τετραμ.
1706 2848 1814 2892 add.

130 2900 258 2946 Stud.
285 2905 299 2959 ΙΙ
327 2907 378 2946 16
412 2903 482 2960 εἴη
517 2905 604 2961 KH
628 2909 684 2947 20
715 2912 797 2949 τοῦ
830 2919 917 2949 om.
947 2907 1000 2949 K

1457 2983 1548 3024 23*
