2060 3168
646 875 888 934 Liber
946 879 1312 953 quartus,

933 1019 1027 1074 XI.

247 1138 292 1190 1.
338 1137 543 1191 Ἰστέον
591 1135 652 1191 δὲ
692 1139 776 1192 ὅτι
818 1140 994 1202 ἄλλως
1035 1140 1379 1208 λαμβάνουσι
1418 1141 1549 1202 τοὺς
1588 1141 1828 1208 χρόνους

133 1220 185 1272 οὶ
215 1218 479 1290 μετρικοὶ,
513 1222 689 1288 ἤγουν
718 1222 770 1274 οἱ
803 1224 1185 1290 γραμματικοί,
1217 1221 1308 1274 καὶ
1340 1222 1519 1283 ἄλλως
1544 1222 1597 1274 οὶ
1622 1221 1825 1290 ῥυθμι-

130 1303 232 1354 κοί.
310 1303 364 1354 οἱ
411 1301 776 1371 γραμματικοὶ
825 1302 1039 1355 ἐκεῖνον
1076 1303 1290 1373 μακρὸν
1327 1304 1532 1372 χρόνον
1571 1301 1823 1355 ἑπίσταν-
1871 1323 1891 1356 5

131 1402 220 1436 ται
258 1383 357 1436 τὸν
396 1385 591 1452 ἔχοντα
639 1384 741 1436 δύο
782 1386 1044 1453 χρόνους,
1083 1385 1175 1437 καὶ
1215 1384 1281 1437 οὐ
1321 1387 1710 1452 καταγίνονται
1750 1385 1827 1447 εἰς

131 1466 314 1534 μεῖζόν
360 1484 438 1531 τι,
490 1467 542 1518 οἱ
590 1463 651 1518 δὲ
698 1466 963 1536 ῥυθμικοὶ
1013 1465 1237 1534 λέγουσι
1276 1466 1404 1519 τόδε
1443 1461 1586 1518 εἶναι
1626 1467 1827 1534 μακρό·

131 1566 294 1615 τερον
332 1547 522 1615 τοῦδε,
574 1547 882 1616 φάσκοντες
919 1548 1021 1615 τὴν
1059 1544 1162 1616 μὲν
1199 1557 1312 1600 τῶν
1351 1549 1646 1614 συλλαβῶν
1685 1540 1827 1600 εἶναι

132 1627 235 1680 δύο
276 1628 513 1696 ἡμίσεως
550 1631 784 1698 χρόνων,
823 1630 926 1697 τὴν
965 1629 1027 1681 δὲ
1065 1638 1253 1698 τριῶν,
1293 1630 1394 1697 τὴν
1429 1629 1491 1682 δὲ
1528 1631 1822 1682 πλειόνων

131 1709 254 1769 οἷον
284 1718 386 1785 τὴν
426 1718 499 1780 ὡς
533 1719 585 1770 οἱ
626 1718 988 1787 γραμματικοὶ
1022 1717 1247 1786 λέγουσι
1279 1719 1383 1770 δύο
1416 1719 1634 1787 χρόνων
1665 1713 1825 1783 εἶναι,
1850 1739 1893 1770 10

130 1799 184 1850 οἱ
223 1795 284 1850 δὲ
322 1798 590 1867 ῥυθμικοὶ
633 1799 735 1852 δύο
775 1799 1034 1868 ἡμίσεως,
1083 1800 1187 1852 δύο
1226 1800 1328 1868 μὲν
1367 1807 1467 1853 τοῦ
1507 1802 1551 1851 ὦ
1590 1807 1825 1869 μακροῦ,

127 1878 362 1947 ἡμίσεως
402 1880 463 1932 δὲ
501 1882 707 1950 χρόνου
748 1888 847 1933 τοῦ
878 1882 935 1933 ὅ·
974 1889 1086 1934 πᾶν
1125 1883 1229 1951 γὰρ
1265 1882 1573 1950 σύμφωνον
1606 1879 1819 1949 λέγεται
1887 1944 1890 1945 ⁷

127 1957 277 2029 ἔχειν
314 1962 520 2030 ἥμισυν
559 1964 777 2031 χρόνον.

242 2043 290 2094 2.
343 2042 528 2096 ἰστέον
567 2043 651 2096 ὅτι
690 2045 838 2112 παρὰ
875 2053 990 2106 τοῖς
1027 2054 1303 2114 μετρικοῐς
1341 2045 1374 2112 ἡ
1415 2043 1823 2112 ὀξυτονουμένη

129 2125 374 2192 συλλαβὴ
414 2126 612 2190 μείζων
644 2123 757 2178 ἐστὶ
789 2133 883 2193 τῆς
914 2126 1314 2194 βαρυνομένης,
1347 2117 1469 2178 οἷον
1501 2126 1533 2194 ἡ
1567 2127 1663 2188 mg·
1694 2129 1823 2178 συλ-
1849 2145 1890 2178 15

130 2206 269 2273 λαβὴ
308 2206 341 2273 ἡ
383 2206 442 2258 ἐν
481 2212 555 2278 τῷ
589 2208 754 2268 καλὸς
792 2208 991 2275 μείζων
1031 2205 1145 2260 ἐστὶ
1185 2215 1280 2275 τῆς
1319 2205 1380 2260 ἐν
1411 2214 1485 2279 τῷ
1520 2208 1704 2275 φίλος·
1743 2207 1826 2274 γί-

131 2305 283 2339 νεται
336 2287 440 2356 γὰρ
495 2288 774 2357 βραδυτής
827 2307 908 2350 τις
954 2296 1055 2341 τοῦ
1110 2291 1340 2358 χρόνου,
1395 2288 1468 2350 ὡς
1513 2286 1606 2340 καὶ
1653 2286 1715 2340 ἐν
1760 2296 1824 2357 τῇ

133 2367 327 2437 δασείᾳ
382 2368 619 2436 λέγεται,
675 2370 768 2422 διὰ
820 2378 915 2438 τῆς
962 2367 1158 2432 ὀξείας·
1215 2369 1271 2439 [ἡ
1327 2366 1387 2422 δὲ
1440 2367 1823 2450 περισπωμένη

130 2448 340 2517 <μέσὴ>
379 2447 494 2502 ἐστὶ
534 2459 646 2503 τῶν
686 2452 807 2515 δύο,
848 2458 943 2519 τῆς
981 2447 1084 2519 μὲν
1122 2459 1331 2520 μακρᾶς
1369 2449 1698 2519 βραχυτέρα,
1731 2457 1827 2517 τῆς

131 2525 192 2582 δὲ
240 2532 496 2599 βραχείας
542 2531 890 2601 μακροτέρα]
966 2534 1135 2587 πάλιν
1174 2533 1206 2602 ἡ
1249 2531 1654 2600 ὀξυτονουμένη
1695 2534 1823 2584 συλ-
1849 2551 1901 2583 20..

254 2680 274 2717 1
317 2675 396 2718 lib.
428 2677 509 2735 IV]
551 2680 660 2721 sunt
702 2679 919 2733 excerpta
959 2679 1192 2733 quaeda-m
1231 2678 1496 2736 fragmenta
1535 2691 1591 2721 ex
1634 2675 1823 2720 scholiis

131 2732 553 2791 Hephaestioneisss
571 2735 1246 2791 3-13=Ch0er.180‚4—14;
1273 2737 1328 2781 cf.
1357 2736 1530 2781 schol.A
1552 2739 1827 2791 95‚15—18..

133 2792 275 2836 schol.
301 2793 348 2836 in
375 2793 510 2839 Dion.
534 2795 639 2839 Thr.
661 2800 759 2849 205,
780 2801 835 2839 24
850 2811 949 2852 sqq.
969 2799 982 2853 ΙΙ
1002 2801 1218 2850 14-278,
1237 2802 1263 2840 4
1282 2819 1336 2834 -—-
1357 2796 1515 2840 Choer.
1537 2799 1636 2849 183,
1650 2799 1824 2839 10—21

253 2915 275 2953 7
308 2910 436 2970 τόδε]
468 2912 606 2957 τόνδε
637 2912 793 2965 Turn„
825 2913 933 2959 τόδε
966 2913 1126 2959 Choer.
1153 2917 1167 2971 11
1194 2919 1245 2958 19
1280 2913 1391 2971 μέση
1426 2913 1586 2958 Choer.
