2060 3168
0 959 14 1081 ‘vu-qve.

12 1070 23 1102 Γ.

589 196 632 236 Χ
649 206 681 238 1.
701 205 720 237 ε
753 195 898 235 ΠΕΡΙ
926 193 1428 235 ΑΝΤΙΣΠΑΣΤΙΚΟΤ
1751 190 1858 243 239

171 331 430 396 ἰαμβικαῑε
487 330 768 395 ἑπομένην.
821 325 999 379 -Ὃ
1056 324 1116 380 δὲ
1170 326 1326 380 θέλει
1383 328 1568 391 εἰπεῖν,
1605 329 1860 380 τοιοῦτόν

169 409 339 464 ἐστιν·
381 411 464 464 ὅτι
502 412 794 477 συμβαίνει
825 410 892 462 τὰ
923 407 1316 461 ἀντισπαστικὰ
1349 408 1416 460 οὐ
1447 410 1623 474 μόνον
1653 408 1860 476 <κατὰ>

168 493 269 560 τὴν
307 493 530 562 πρώτην
570 493 838 559 συζυγίαν
875 498 1235 559 παρανομεῖν,
1276 488 1404 542 ἀλλ’
1443 487 1540 542 ἐὰν
1580 488 1860 557 ἐπιμίσγη-

167 594 255 626 ται
295 574 484 636 αὐτοῖς
523 575 682 642 βάσις
724 574 964 641 ἰαμβική,
1003 569 1093 624 καὶ
1128 572 1230 640 (ἡ)
1265 569 1500 639 ἑπομένη
1536 579 1599 640 τῆ
1636 573 1859 641 ἰαμβικῆ

168 658 692 724 παρανομηθήσεται
754 655 902 723 παρὰ
964 654 1064 721 τὴν
1119 654 1420 722 ἄρχουσαν·
1492 652 1581 705 ὅτε
1644 651 1704 704 δ’
1758 653 1860 705 οὐκ
1908 657 1926 703 ’5

169 735 565 804 ἀναμίσγονται
621 735 767 808 αὐτῷ
818 736 884 787 τὰ
941 735 1188 802 ἰαμβικά,
1245 735 1546 803 καθαρεύει
1594 732 1720 803 περὶ
1767 736 1862 797 τὰς

170 816 289 886 ἑξῆς
329 817 357 870 ὁ
398 817 777 880 ἀντίσπαστος.

280 897 467 969 (32,5)
493 900 904 964 Πενθημιμερέε,
937 899 999 951 τὸ
1032 899 1368 962 καλούμενον
1402 898 1708 963 δοχμιακόν,
1742 897 1860 950 οἷον

355 982 533 1034 κλύειν
575 981 779 1045 μαίεται

356 1063 453 1115 τὸν
495 1063 772 1127 ἐγχώριον.
1885 1079 1927 1110 10

168 1151 333 1196 τοῦτο
381 1144 516 1195 κατὰ
562 1143 708 1195 πόδα
761 1151 1054 1212 μετρεῖται·
1103 1143 1206 1194 δύο
1248 1141 1351 1209 γάρ
1402 1143 1508 1194 εἰσι
1547 1145 1720 1210 κῶλα,
1770 1138 1861 1194 ἵνα

172 1226 454 1293 σύγκειται
494 1224 598 1276 ἀπὸ
640 1223 1013 1277 ἀντισπάστου
1045 1222 1136 1276 καὶ
1168 1225 1467 1293 πυρριχίου
1501 1223 1700 1292 [ἤγουν
1733 1227 1862 1276 συλ-

2 1300 23 1354 f*
94 1312 138 1367 5)
171 1309 342 1375 λαβῆς
387 1314 596 1375 μακρᾶς
644 1306 1003 1373 διαλυθείσης
1043 1307 1121 1367 εἰς
1161 1306 1263 1357 δύο
1303 1305 1599 1374 βραχείας].
1679 1305 1862 1358 ἰστέον

11 2891 30 3130 ‘arn-*nnm-

170 1389 301 1457 γάρ,
349 1388 433 1440 ὅτι
480 1389 540 1440 τὸ
590 1389 891 1457 δοχμιακὸν
937 1387 1216 1455 σύγκειται
1265 1385 1317 1448 ἐξ
1360 1385 1732 1439 ἀντισπάστου
1770 1385 1860 1439 καὶ

171 1472 464 1538 συλλαβῆς,
498 1470 571 1531 ὡς
601 1470 739 1537 πρὸς
770 1470 869 1522 τὸν
899 1469 1160 1537 μετρικὸν
1191 1475 1516 1536 χαρακτῆρα.
1581 1469 1634 1520 οἱ
1673 1468 1860 1537 μέντοι
1887 1487 1928 1518 15

172 1549 439 1618 ῥυθμικοὶ
480 1552 541 1603 τὸ
581 1558 692 1602 πᾶν
731 1549 926 1618 μέτρον
966 1549 1037 1610 ὡς
1076 1551 1209 1617 μίαν
1250 1550 1515 1616 συζυγίαν
1554 1550 1862 1617 λαμβάνον-

170 1651 256 1693 τες
297 1632 598 1700 δοχμιακὸν
636 1631 968 1700 ὀνομάζουσι
1002 1631 1092 1682 διὰ
1123 1631 1225 1698 τὴν
1256 1631 1519 1698 τοιαύτην
1550 1632 1746 1683 αἰτίαν.
1809 1633 1860 1684 οἱ

93 1718 137 1756 ‚⁷7
170 1712 558 1782 προειρημένοι
601 1713 836 1782 ῥυθμοί,
887 1714 1081 1780 ἴαμβος
1126 1714 1308 1765 παίων
1348 1710 1646 1782 ἐπίτριτος,
1694 1711 1862 1782 ὀρθοὶ

170 1799 491 1847 καλοῦνται·
543 1794 602 1847 ἐν
643 1797 850 1863 ἰσότητι
890 1794 993 1862 γὰρ
1033 1802 1266 1861 κεῖνται,
1305 1794 1448 1846 καθὸ
1489 1793 1712 1855 ἕκαστος
1751 1804 1862 1846 τῶν

171 1875 430 1944 ἀριθμῶν
468 1877 668 1943 μονάδι
708 1881 1132 1928 πλεονεκτεῑται·
1172 1874 1205 1942 ’ἢ
1238 1876 1342 1943 γὰρ
1376 1875 1548 1943 μονάς
1580 1872 1694 1927 ἐστι
1725 1875 1862 1942 πρὸς
1887 1896 1930 1927 20

173 1958 352 2009 δυάδα
408 1956 438 2024 ἡ
497 1958 634 2018 δυὰς
686 1958 826 2024 πρὸς
878 1955 1074 2024 τριάδα
1129 1957 1161 2025 ἢ
1215 1958 1370 2026 τριὰς
1424 1957 1562 2025 πρὸς
1606 1958 1859 2026 τετράδα·

171 2037 445 2107 [τουτέστι
484 2039 690 2107 μακρὸς
730 2040 928 2106 χρόνος
966 2039 1103 2106 πρὸς
1142 2039 1417 2107 βραχείας,
1458 2038 1531 2100 ὡς
1566 2037 1627 2090 ἐν
1658 2045 1732 2109 τῷ
1768 2039 1861 2090 δα-

170 2235 261 2278 AV
289 2176 549 2289 ΞὲῚειέὶῑρὲΑ
576 2181 674 2230 142,
693 2180 748 2219 23
774 2178 788 2232 ΙΙ
815 2181 867 2219 15
883 2190 981 2232 sqq.
1009 2175 1064 2220 cf.
1091 2176 1163 2219 Et.
1190 2176 1346 2234 Magn.
1374 2181 1473 2230 285,
1494 2181 1562 2220 28.
1596 2177 1682 2221 An.
1701 2177 1859 2220 Ambr.

291 2359 312 2397 1
349 2353 400 2398 δὲ
432 2367 519 2397 om.
540 2355 594 2397 K
612 2355 626 2408 ΙΙ
652 2358 676 2396 2
710 2352 858 2409 μόνην
885 2354 959 2410 UH
983 2353 1103 2397 κατὰ
1128 2354 1291 2397 addidi
1315 2357 1330 2411 ΙΙ
1353 2358 1380 2396 4
1414 2353 1605 2412 ἰαμβικὴ
1631 2353 1764 2412 βάσις
1792 2356 1857 2410 ΠΙ

170 2413 250 2456 καὶ
283 2427 370 2456 om.
398 2414 480 2469 K!
507 2413 536 2468 ἡ
568 2412 704 2456 inser.
731 2412 944 2468 Westph.
971 2415 985 2469 Η
1017 2419 1042 2456 5
1074 2412 1223 2471 παρὰ]
1255 2429 1362 2468 περι
1398 2415 1471 2470 ΠΗ
1497 2418 1522 2456 6
1554 2413 1657 2471 τὰς]
1688 2413 1746 2456 τὰ
1780 2415 1824 2457 U
1847 2414 1861 2471 Η

171 2476 196 2513 8
230 2472 574 2528 πενθημιμερὲς
605 2472 656 2515 δὲ
693 2473 742 2526 U,
774 2487 821 2515 π.
855 2471 939 2528 μὲν
969 2471 1118 2528 Heph.
1160 2475 1175 2528 ΙΙ
1223 2477 1278 2516 10
1310 2473 1411 2530 τὸν]
1444 2474 1494 2516 τὸ
1531 2474 1575 2517 U
1616 2474 1622 2528 Ι
1674 2474 1729 2516 K
1754 2475 1862 2528 post

171 2530 393 2589 ἐγχώριον
427 2532 534 2574 add.
567 2532 647 2575 καὶ
677 2530 734 2574 τὰ
768 2530 870 2587 ἑξῆς
915 2533 930 2587 ΙΙ
978 2536 1029 2574 11
1064 2530 1215 2582 πόδας
1247 2533 1291 2576 U
1342 2533 1348 2590 Ι
1406 2531 1505 2605 ινα]
1538 2532 1644 2576 fort.
1678 2531 1814 2576 άτινα
1847 2532 1861 2589 Ῐξ

173 2594 226 2633 12
274 2590 389 2648 ἀπὸ]
438 2590 531 2634 ἀπὸ
578 2597 660 2633 τοῦ
704 2591 748 2635 U
793 2592 807 2646 Η
864 2595 915 2633 12
961 2588 1252 2646 ἤγουν-13
1298 2589 1518 2649 βραχείας
1562 2590 1752 2645 seclusi3
1800 2603 1860 2633 an

169 2664 254 2705 pro
287 2647 601 2705 δυαλυθείσης
632 2649 765 2692 scrib.
799 2648 1120 2706 λογιζομένης-9
1156 2649 1211 2693 cf.
1245 2665 1290 2706 p.
1318 2655 1417 2705 240,
1439 2655 1492 2693 10
1539 2651 1552 2706 ΙΙ
1603 2654 1656 2692 16
1690 2648 1859 2704 ρυθμι-

171 2708 265 2766 κοὶ]
299 2709 504 2764 μετρικοὶ
538 2710 592 2752 K
614 2710 619 2764 Ι
647 2716 743 2752 πᾶν
777 2707 962 2775 μετρον]
995 2708 1310 2765 πεντάμετρον
1346 2711 1419 2766 ΠΗ
1447 2714 1498 2752 17
1529 2709 1751 2766 δοχμικὸν
1786 2710 1860 2779 U'}

175 2771 347 2811 17-18
381 2767 425 2811 οἱ
456 2766 811 2840 προειρημένοι]
836 2767 932 2810 iam
968 2770 1107 2812 antea
1139 2769 1365 2825 scriptum
1398 2769 1542 2811 fuisse
1575 2768 1759 2811 videtur
1792 2754 1860 2811 ὅτι

173 2824 362 2884 δόχμιος
402 2826 567 2883 ἴαμβος
606 2827 686 2870 καὶ
724 2825 880 2869 παίων
919 2834 1098 2882 πρῶτος
1130 2830 1184 2884 (v.
1214 2832 1314 2872 240.
1335 2831 1376 2884 7)
1418 2830 1465 2871 eb
1506 2825 1734 2882 ἐπίτριτος
1773 2826 1860 2883 (τέ-

171 2887 352 2941 ταρτος)
394 2886 474 2929 καὶ
515 2884 713 2943 συλλαβή
746 2888 799 2941 (ν.
836 2890 943 2939 240,
971 2888 1036 2942 2);
1081 2886 1136 2930 cf.
1173 2887 1314 2930 etiam
1356 2886 1530 2930 seholA
1562 2901 1604 2942 p
1635 2891 1813 2941 142,15
1846 2887 1860 2944 Ἰ

175 2949 227 2986 19
261 2947 423 2994 καθώς
458 2946 611 3000 U1122
643 2943 847 2988 τουτέστι
867 2971 919 2976 -
940 2950 1082 2998 240,1
1117 2945 1272 2990 δυάδα
1306 2946 1392 2989 del.
1416 2945 1627 3001 Westph.
