2090 3158
514 179 538 218 I
568 178 715 219 ΠΕΡΙ
743 177 1043 218 ΒΡΑΧΕΙΑΣ
1075 176 1416 218 ΣΤΛΑΑΒΗΣ
1707 175 1814 227 185

122 313 263 381 κρὰν
307 312 398 364 καὶ
445 314 708 380 βραχεῖαν
754 311 844 364 καὶ
894 311 995 379 τὴν
1042 309 1344 378 λεγομένην
1392 313 1600 379 κοινήν.
1679 310 1815 364 ἀλλὰ

121 393 335 446 τούτων
390 392 591 462 [ἤγουν
645 401 770 460 μιᾶς
826 390 1074 460 ἑκάστης]
1131 391 1278 459 λέγει
1324 392 1478 454 τινὰς
1525 393 1814 461 διαφοράς,

120 476 252 527 πότε
298 474 388 527 καὶ
433 483 549 536 πῶς
594 475 683 526 καὶ
731 475 866 526 κατὰ
903 474 1112 535 πόσους
1149 475 1389 541 τρόπους
1427 475 1636 540 γίνεται
1682 476 1815 542 βρα-

120 564 240 624 χεῖα
286 555 319 624 ἢ
364 556 544 623 μακρὰ
589 554 621 623 ἢ
671 556 830 623 κοινὴ
877 556 1139 622 συλλαβή.
1217 554 1245 607 ὁ
1295 553 1342 607 δ’
1375 548 1536 623 Ὧρος
1586 556 1816 657 ἄμειγον

121 638 200 699 εἰς
237 636 399 690 πέντε
445 645 630 689 πᾶσαν
669 639 951 706 συλλαβὴν
990 636 1438 706 παραλαμβανων
1477 635 1615 705 φησὶ
1653 636 1816 689 πέντε
1863 657 1883 689 5

120 720 263 786 μόνα
301 719 418 786 εἰδη
460 715 603 771 εἶναι
645 721 954 787 συλλαβῶν,
994 719 1098 771 δύο
1138 718 1239 785 μὲν
1269 725 1366 821 τῆς
1396 719 1670 786 βραχείας,
1711 719 1814 771 δύο

123 796 182 852 δὲ
237 808 333 868 τῆς
386 810 621 868 μακρᾶς,
675 798 767 853 καὶ
823 801 884 853 ἓν
933 808 1031 869 τῆς
1084 807 1287 867 κοινῆς.
1322 783 1397 899 ἠ
1445 800 1549 868 γὰρ
1590 802 1817 869 βραχεῖα

124 883 388 949 συλλαβή,
429 883 620 949 φησίν,
661 880 693 949 ἢ
736 882 901 950 φύσει
943 880 1056 935 ἐστὶ
1095 884 1325 950 βραχεῖα
1364 880 1396 949 ἢ
1429 880 1605 934 θε’·σει
1647 882 1815 950 φύσει

0 972 91 1019 :³38
122 961 241 1031 μέν,
282 963 415 1015 ὅταν
455 960 549 1032 ἔχῃ
591 963 653 1015 ἓν
691 972 803 1016 τῶν
842 964 1008 1032 φύσει
1048 962 1317 1033 βραχέων,
1360 962 1516 1016 θέσει
1557 961 1634 1030 δέ,
1682 963 1816 1015 ὅταν

0 1048 2 1050 ’
123 1042 216 1113 ἔχῃ
266 1044 328 1097 ἓν
372 1054 484 1096 τῶν
532 1045 823 1114 διχρόνων.
899 1045 990 1097 καὶ
1030 1045 1062 1112 ἡ
1102 1045 1282 1114 μακρὰ
1321 1044 1597 1112 ὡσαύτως,
1649 1045 1817 1113 φύσει
1841 1066 1886 1098 ιο

124 1124 250 1195 μέν,
298 1125 432 1178 ὅταν
478 1123 572 1195 ἔχῃ
621 1127 682 1178 ἓν
729 1135 840 1179 τῶν
879 1126 1046 1194 φύσει
1086 1135 1335 1195 μακρῶν,
1384 1125 1722 1194 φωνηέντων
1759 1125 1822 1178 τέ

125 1227 265 1275 φημι
312 1227 401 1259 και
443 1209 798 1277 διφθόγγων,
845 1206 1003 1260 θέσει
1043 1207 1129 1276 δέ,
1173 1207 1307 1260 ὅταν
1346 1204 1440 1307 ἔχῃ
1482 1208 1746 1276 δίχρονον
1786 1208 1817 1276 ἢ

125 1291 301 1359 βραχὺ
350 1297 574 1358 φωνῆεν
630 1290 721 1342 διὰ
766 1290 943 1357 <δύο>
997 1290 1318 1358 συμφωνων
1364 1288 1396 1356 ἢ
1447 1287 1568 1351 ἑνὸς
1615 1289 1816 1342 διπλοῦ

124 1369 521 1437 ἐκτεινόμενον.
633 1369 694 1423 έν
762 1390 819 1424 τε
896 1367 1043 1433 εἶδος
1118 1379 1212 1438 τῆς
1286 1378 1476 1438 κοινῆς
1544 1363 1686 1422 εἷναι
1755 1371 1816 1423 τὸ

126 1452 406 1504 δύνασθαι
461 1455 726 1520 βραχεῖαν
780 1449 956 1506 οὖσαν
1003 1454 1080 1514 εἰς
1132 1453 1348 1519 μακρὰν
1400 1452 1819 1521 παραλαμβάνε-
1843 1473 1887 1505 15

127 1539 286 1602 σθαι,
327 1533 359 1601 ἢ
399 1531 635 1602 ἔμπαλιν
675 1534 735 1586 τὸ
778 1534 1060 1586 δύνασθαι
1101 1535 1316 1602 μακρὰν
1356 1529 1533 1586 οὖσαν
1573 1536 1650 1596 εἰς
1687 1535 1819 1603 βρα-

126 1623 293 1684 χεῑαν.

238 1697 619 1763 Διαλαμβάνει
661 1692 766 1750 οὗν
797 1696 825 1749 ὁ
857 1697 1103 1766 τεχνικὸς
1140 1707 1364 1765 πρῶτον
1402 1695 1527 1765 περὶ
1563 1705 1658 1765 τῆς
1687 1699 1821 1766 βρα-

0 1783 95 1842 (97)
129 1779 276 1847 χείας
340 1780 641 1847 συλλαβῆς,
704 1779 793 1831 καὶ
855 1778 1086 1847 ὁρισμὸν
1140 1779 1308 1847 αὐτῆς
1362 1777 1704 1831 ἀποδίδωσιν
1759 1773 1819 1830 εὖ

0 1886 7 1897 ’
127 1857 324 1928 ἔχοντα
361 1860 451 1912 καὶ
484 1859 920 1928 ἀντιστρέφοντα
950 1861 1087 1929 πρὸς
1119 1861 1179 1913 τὸ
1213 1860 1455 1929 ὁριστόν,
1496 1860 1627 1927 ὅπερ
1661 1860 1820 1927 ὑγεία
1844 1881 1889 1913 20

128 1939 280 1993 ἐστὶν
313 1941 469 2010 ὅρου·
505 1942 684 2009 σαφὴς
717 1941 781 1994 δέ
810 1941 959 1994 ἐστιν
984 1941 1012 1994 ὁ
1046 1941 1269 2011 ὁρισμὸς
1300 1942 1390 1993 καὶ
1420 1940 1720 2009 ἐξηγήσεως
1753 1942 1818 1994 οὐ

128 2023 398 2089 δεόμενος.
438 2053 513 2059 —
552 2026 749 2085 Καλῶς
796 2020 855 2075 δὲ
904 2019 1021 2075 εἷπε
1071 2026 1342 2092 βραχεῖα
1394 2021 1555 2086 ἐστι’,
1610 2023 1700 2075 καὶ
1753 2023 1819 2075 οὐ

128 2106 401 2172 βραχεῖα
439 2106 718 2172 γίνεται,
767 2105 840 2166 ὡς
880 2103 940 2157 ἐν
978 2112 1043 2174 τῆ
1083 2112 1241 2174 κοινῇ
1284 2106 1530 2174 συλλαβῇ
1571 2102 1821 2170 δείξομεν

252 2269 305 2308 14
345 2263 395 2308 ἓν
427 2261 571 2322 εἶδος]
606 2264 663 2308 cf.
694 2269 798 2319 189,
819 2270 843 2308 6
899 2267 913 2321 ΙΙ
969 2269 1022 2308 21
1056 2265 1199 2322 Long.
1228 2269 1365 2321 88‚5.
1422 2264 1596 2307 schol.A
1621 2268 1700 2317 94,
1721 2268 1775 2306 10
1807 2264 1822 2321 f}

130 2327 185 2366 23
219 2324 288 2381 βρ.
323 2322 518 2382 γίνεται]
553 2323 687 2367 Dion.
715 2324 820 2367 Thr.
850 2329 963 2378 19‚6

250 2461 275 2499 2
308 2456 485 2500 τούτων
518 2457 696 2513 scripsi,
728 2457 898 2513 ταύτης
930 2457 1062 2500 codd.
1106 2459 1112 2513 Ι
1164 2456 1381 2514 ἤγουν-
1402 2455 1595 2512 ἑκάστης
1627 2455 1776 2499 delevi
1814 2456 1817 2479 ³

131 2532 239 2571 μιας
270 2516 350 2559 καὶ
384 2517 454 2572 ΠΙ
482 2517 562 2559 καὶ
594 2524 692 2566 πῶς
723 2517 802 2559 καὶ
833 2515 943 2560 πότε
977 2518 1063 2572 ΚΙΙ
1088 2521 1115 2558 4
1148 2516 1347 2574 συλλαβὴ
1378 2518 1486 2572 post
1519 2517 1714 2586 βραχεῖα
1740 2515 1788 2558 K
1808 2517 1823 2570 Η

133 2579 158 2618 6
191 2574 291 2631 εἴδη
317 2573 436 2631 μόνοι
463 2576 516 2618 Κ
535 2577 548 2631 ΙΙ
575 2580 596 2617 7
627 2573 769 2644 φησίν
795 2590 940 2630 usque
967 2576 1026 2618 ad
1053 2574 1102 2619 ἕν
1127 2577 1234 2619 add.
1255 2575 1332 2619 Κ2
1357 2575 1405 2618 in
1430 2589 1521 2639 mg.
1549 2577 1562 2631 ΙΙ
1588 2579 1612 2618 9
1640 2572 1822 2618 ’ὅταν-

132 2633 183 2679 δὲ
216 2647 303 2677 om.
340 2635 383 2678 U
407 2636 422 2690 ΙΙ
453 2639 538 2677 9-
546 2639 599 2677 10
632 2635 705 2678 ότε
738 2635 828 2691 ἔχει
861 2633 911 2678 ἕν
941 2651 985 2678 τι
1017 2642 1108 2678 τῶν
1143 2636 1187 2680 U
1217 2637 1232 2691 ΙΙ
1274 2640 1325 2678 11
1361 2635 1421 2685 ὡς
1454 2631 1565 2678 ὅταν
1599 2635 1653 2677 K
1691 2636 1695 2688 Ι
1744 2632 1821 2691 ἔχη

133 2707 221 2738 om.
257 2694 301 2738 U
336 2696 342 2749 1
384 2710 430 2737 τε
464 2707 550 2738 om.
581 2695 633 2737 K
660 2695 673 2750 ΙΙ
708 2699 760 2737 13
795 2694 879 2738 δύο
915 2694 1020 2737 add.
1039 2694 1280 2750 Wilam.{1
1323 2699 1377 2737 14
1410 2695 1463 2737 Κ
1490 2695 1597 2771 Ροείῐ
1628 2693 1680 2736 τὸ
1714 2693 1820 2735 add.

133 2753 253 2809 ἔχειν
284 2754 378 2807 καὶ,
412 2753 536 2808 quod
563 2767 712 2809 recep.
731 2752 951 2797 Hoersch.
977 2753 1062 2796 lac.
1089 2755 1196 2809 post
1221 2754 1354 2827 ἔχειν
1367 2753 1537 2799 indic
1536 2752 1685 2808 15s16
1711 2755 1822 2806 λαμ-

133 2811 367 2869 βανεσθαι
391 2812 432 2856 U
453 2812 468 2869 [i
486 2817 538 2855 16
574 2810 601 2867 ἢ
621 2838 674 2843 -
697 2816 748 2854 17
784 2814 1007 2869 βραχεῖαν
1033 2827 1120 2856 om.
1146 2813 1220 2868 Ul!
1247 2817 1300 2856 18
1335 2811 1358 2856 ὁ
1393 2812 1475 2867 μὲν
1501 2801 1553 2855 Κ
1573 2813 1588 2866 11
1613 2815 1666 2854 21
1703 2809 1824 2860 όστις

134 2871 299 2928 σχεδὸν
341 2870 495 2925 σαφής
534 2871 627 2914 ἐστι
666 2871 746 2914 καὶ
787 2871 1039 2928 ἐξηγήσεως
1078 2872 1131 2916 οὐ
1173 2871 1326 2916 δέεται
1359 2872 1413 2915 Κ
1462 2876 1474 2927 Η
1530 2876 1584 2914 23
1629 2871 1823 2928 βραχεῖα

135 2943 222 2972 om.
250 2931 305 2973 K
328 2932 333 2986 Ι
362 2927 591 2988 δείξομεν]
627 2929 825 2986 εἴπωμεν
859 2944 914 2974 ex
947 2930 1136 2987 εἴπομεν
1168 2930 1279 2974 fact.
1307 2932 1360 2974 Κ
1372 2930 1386 2955 ¹
