2060 3168
0 638 14 709 ’ξε

0 714 11 751 3

0 751 19 1467 ι
90 811 147 850 26

0 1470 10 1622 ἔ

22 1706 146 1763 (128)

771 101 857 142 xx
886 101 1032 143 ΠΕΡΙ
1061 100 1277 143 nomn
1761 100 1871 153 295

179 235 373 303 μητικὴ
415 235 477 288 δὲ
517 235 652 297 δυὰς
691 232 779 288 ἐπὶ
811 235 912 303 τὴν
944 235 1123 287 δυάδα
1161 235 1740 304 πολλαπλασιαζομένη
1774 237 1872 289 τὸν

180 314 236 368 δ’
283 324 443 369 ποιεῖ.
520 314 663 369 εἰσὶν
709 312 813 369 οὗν
856 317 910 368 οἱ
957 316 1285 384 δισύλλαβοι
1333 316 1498 369 ἁπλοῖ
1542 317 1707 379 πόδες
1752 316 1871 370 τέσ-

179 411 366 466 σαρες,
407 396 465 450 ἐκ
504 405 599 465 τῆς
637 406 749 450 τῶν
796 397 899 451 δύο
940 400 1258 466 συλλαβῶν,
1305 405 1400 466 τῆς
1438 405 1647 467 μακρᾶς
1684 417 1741 450 τε
1779 397 1870 450 καὶ

178 481 452 549 βραχειάς,
491 484 809 548 συμπλοκῆς
848 478 1293 547 ἀποτελούμενοι.

291 559 440 613 Μετ’
471 561 673 623 αὐτοὺς
713 559 777 613 δέ
814 561 956 613 εἰσιν
988 560 1040 612 οἱ
1079 559 1538 630 τρισύλλαβοι,
1578 559 1743 614 ἁπλοῖ
1780 559 1869 613 καὶ

179 639 336 694 αὐτοὶ
384 643 560 710 ὄντες,
610 642 687 704 εἰς
733 641 872 694 ὀκτὼ
913 637 974 694 δὲ
1013 643 1143 703 τοὺς
1188 641 1398 704 πάντας
1437 640 1870 711 ἄπαρτιζόμενοι.

177 721 268 775 καὶ
316 723 485 776 ἁπλοῖ
526 722 628 789 μέν
674 724 840 791 εἰσιν,
889 722 972 775 ὅτι
1021 723 1124 775 οὐκ
1171 721 1231 776 ἐκ
1277 721 1595 785 συνθέσεως
1640 733 1752 776 τῶν
1791 724 1871 776 δι-

181 805 473 873 συλλάβων
542 806 791 872 γίνονται
853 803 990 857 ἀλλὰ
1060 807 1355 873 συλλαβῶν
1419 804 1873 874 προστιθεμένων

179 886 379 949 αὐτοῖς.
458 885 573 939 ἐπεὶ
622 882 725 939 οὖν
773 886 877 939 δύο
925 885 1067 938 εἰσὶν
1114 886 1170 937 αἱ
1217 887 1511 954 συλλαβαί,
1560 887 1742 955 μακρὰ
1779 885 1870 938 καὶ

178 970 423 1036 βραχεῖα,
454 966 886 1036 προστνθέμεναι
918 975 1034 1030 τοῖς
1064 966 1323 1035 τέσσαρσι
1357 967 1714 1036 δισυλλάβοις
1741 969 1871 1030 τοὺς

179 1049 318 1102 ὀκτὼ
358 1050 762 1118 τρισυλλάβους
800 1056 1045 1101 ποιοῦσι·
1087 1049 1173 1111 δὶς
1212 1050 1315 1118 γὰρ
1355 1049 1421 1100 τὰ
1461 1047 1516 1101 δ’
1555 1049 1709 1102 ὀκτώ.
1787 1047 1873 1102 ἑκ-

178 1130 447 1199 κειμένων
486 1132 590 1199 γὰρ
629 1140 742 1183 τῶν
779 1130 1063 1200 τεσσάρων
1103 1130 1472 1198 δισυλλάβων,
1513 1138 1612 1182 τοῦ
1645 1149 1703 1182 τε
1734 1148 1872 1199 πυρ-

180 1214 380 1280 ριχίου,
427 1220 526 1265 τοῦ
574 1212 792 1280 ἰάμβου,
839 1219 938 1264 τοῦ
977 1214 1239 1279 τροχαίου
1280 1209 1369 1263 καὶ
1411 1218 1511 1263 τοῦ
1552 1211 1871 1280 σπονδείου,

179 1292 407 1363 ἑκατέρα
460 1302 571 1346 τῶν
626 1294 729 1346 δύο
778 1295 1095 1360 συλλαβῶν,
1142 1300 1237 1360 τῆς
1282 1299 1492 1362 μακρᾶς
1537 1312 1594 1345 τε
1640 1293 1731 1346 καὶ
1776 1301 1871 1361 τῆς

178 1377 464 1444 βραχείας,
520 1374 727 1446 ἑκάστῳ
781 1381 1091 1444 προσιοῦσα
1146 1374 1248 1427 δύο
1303 1375 1478 1436 πόδας
1530 1383 1690 1427 ποιεῖ.
1782 1375 1870 1427 καὶ

180 1464 321 1524 γοῦν
358 1456 391 1524 ἡ
431 1457 532 1523 μὲν
577 1459 804 1524 βραχεῖα
842 1462 909 1527 τςῖ
956 1457 1226 1527 πυρριχίῳ
1272 1462 1582 1524 προσιοῦσα
1620 1456 1720 1508 τὸν
1757 1459 1872 1524 τρί-

179 1541 392 1607 βραχυν
431 1540 608 1607 ἤγουν
645 1539 744 1591 τὸν
783 1545 1003 1606 χορεῖον
1041 1544 1206 1604 ποιεῖ,
1245 1537 1277 1604 ἡ
1320 1537 1380 1589 δὲ
1418 1538 1598 1606 μακρὰ
1637 1538 1736 1590 τὸν
1776 1538 1871 1590 δά-

179 1623 404 1672 κτυλον·
451 1625 526 1690 τῷ
569 1617 629 1671 δ’
669 1619 845 1691 ἰάμβῳ
892 1618 924 1687 ἡ
971 1618 1074 1685 μὲν
1111 1620 1337 1687 βραχεῖα
1377 1619 1475 1671 τὸν
1515 1618 1870 1687 ἀνάπαιστον,

179 1700 211 1768 ἡ
260 1697 321 1752 δὲ
373 1701 554 1767 μακρὰ
600 1700 699 1752 τὸν
746 1699 1121 1770 ἀμφίμακρον·
1175 1706 1250 1771 τῷ
1296 1696 1356 1752 δὲ
1403 1703 1639 1771 τροχαίῳ
1687 1700 1720 1768 ἡ
1768 1701 1871 1769 μὲν

180 1783 408 1850 βραχεῖα
453 1783 551 1834 τὸν
598 1781 977 1850 άμφίβραχυν,
1024 1781 1056 1849 ἡ
1099 1781 1159 1833 δὲ
1209 1782 1390 1850 μακρὰ
1428 1782 1528 1834 τὸν
1567 1782 1871 1851 παλιμβάκ-

179 1880 352 1932 χειον·
392 1871 466 1936 τῷ
501 1863 561 1915 δὲ
601 1864 872 1934 σπονδείςο
914 1862 946 1931 ἡ
986 1863 1087 1931 μὲν
1118 1865 1345 1931 βραχεῖα
1383 1863 1484 1915 τὸν
1521 1866 1796 1932 βακχεῖον,
1836 1864 1868 1932 ἡ

179 1941 239 1997 δὲ
278 1945 458 2011 μακρὰ
497 1946 595 1996 τὸν
634 1946 926 2010 μολοσσόν.

293 2027 361 2078 Οἱ
401 2026 461 2078 δὲ
500 2026 1018 2094 τετρασύλλαβοι
1059 2024 1118 2078 ἐκ
1158 2025 1474 2087 συνθέσεως
1503 2028 1728 2078 τελείων
1758 2035 1870 2079 τῶν

177 2107 460 2175 τεσσάρων
506 2107 859 2174 δισυλλάβων
897 2109 1161 2174 γίνονται.
1240 2108 1327 2160 διὸ
1367 2107 1456 2159 καὶ
1498 2105 1571 2169 ις’
1610 2108 1735 2160 εἰσί·
1787 2128 1870 2161 τε-

178 2189 364 2257 τράκις
414 2189 517 2255 γὰρ
565 2189 630 2240 τὰ
677 2187 912 2255 τέσσαρα
953 2187 1155 2252 δεκαέξ.
1233 2189 1323 2240 καὶ
1363 2189 1467 2258 γὰρ
1509 2188 1869 2259 ὁίπυρρίχιος

178 2267 264 2338 ἐφ’
305 2267 503 2322 ἑαυτὸν
543 2268 938 2337 συντιθέμενος
985 2270 1084 2322 τὸν
1129 2271 1666 2339 προκελευσματικὸν
1704 2279 1869 2339 ποιεῖ,

177 2348 266 2403 ἐπὶ
313 2352 410 2403 τὸν
458 2353 659 2419 ἴαμβον
707 2351 768 2403 δὲ
813 2351 911 2403 τὸν
948 2350 1210 2421 τέταρτον
1248 2360 1487 2418 παιῶνα,
1544 2350 1631 2403 ἐπὶ
1673 2349 1734 2404 δὲ
1772 2353 1869 2404 τὸν

177 2440 437 2501 τροχαῖον
489 2433 587 2484 τὸν
641 2433 830 2500 τρίτον
883 2442 1121 2499 παιῶνα,
1175 2430 1263 2485 ἐπὶ
1320 2429 1379 2485 δὲ
1427 2433 1523 2484 τὸν
1570 2434 1870 2486 σπονδεῖον

178 2514 276 2565 τὸν
315 2514 541 2566 ἰωνικὸν
581 2511 669 2565 ἀπ’
708 2511 1018 2575 ἐλάσσονος.
1097 2513 1125 2566 ὁ
1167 2514 1228 2566 δὲ
1270 2515 1463 2583 ἴαμβος
1502 2512 1590 2566 ἐπὶ
1629 2510 1731 2579 μὲν
1769 2516 1870 2567 τὸν

298 2678 323 2716 9
355 2672 510 2729 μακρά
548 2689 596 2717 τε
636 2672 715 2715 καὶ
747 2672 967 2717 Hoerseh.
1021 2675 1036 2730 ΙΙ
1092 2678 1144 2716 12
1184 2681 1275 2718 τῶν
1314 2672 1548 2728 τεσσάρων
1581 2672 1867 2732 δισυλλάβων

179 2731 339 2785 Gaisf„
372 2740 462 2775 τῶν
495 2731 542 2775 δ’
578 2733 814 2790 συλλαβῶν
847 2732 996 2786 codd,
1029 2740 1120 2776 τῶν
1153 2735 1440 2791 δισυλλαβῶν
1473 2732 1612 2776 Turn.
1652 2734 1658 2790 Ι
1695 2749 1743 2776 τε
1776 2732 1865 2777 del.

179 2790 398 2835 Hoersch.
430 2793 445 2847 ΙΙ
479 2797 532 2834 15
567 2790 740 2849 ἑκάστῳ
772 2790 934 2841 Turn..
968 2791 1134 2848 ἑκάστη
1169 2793 1215 2835 Y
1240 2795 1254 2849 ΙΙ
1286 2796 1340 2834 23
1374 2790 1576 2842 τελείαςῗ
1608 2791 1827 2849 Egenolff
1853 2795 1867 2849 ΙΙ

181 2854 234 2893 27
268 2848 447 2894 παίονα
482 2851 528 2894 Y
552 2850 726 2905 ubique

1896 991 1940 1022 10

1896 1397 1937 1428 15

1895 1805 1939 1836 20

1893 2211 1937 2243 25
