2090 3158
701 156 844 198 ΠΕΡΙ
875 156 1254 198 ΠΟΙΙΠῙΑΤΟΣ.
1756 157 1827 208 59

51 300 106 340 60
138 299 544 360 καταμετρεῑται
577 291 680 359 γὰρ
713 290 821 343 ὑπὸ
855 292 1127 359 κόμματος
1153 289 1597 358 ἀντισπαστικοῦ,
1629 296 1829 345 καλου-

0 623 112 680 με]

51 1930 103 1969 61

138 371 309 439 μένου
352 374 767 441 Φερεκρατειόυ.

251 454 641 522 Συστηματικὰ
681 451 741 506 δὲ
783 453 884 506 ὅσα
921 452 1031 506 ὑπὸ
1069 454 1344 506 πλειόνων
1383 451 1596 521 μέτρων
1644 455 1720 516 εἰς
1768 455 1829 507 ἓν

139 544 292 604 σῶμα
338 534 819 605 παραληφθέντων
865 543 1274 605 καταμετρεῖται
1322 535 1354 604 ἢ
1395 539 1827 605 συμπληροῦται.

249 617 437 669 Μικτὰ
476 613 536 668 δὲ
576 616 679 669 ὅσα
716 616 880 686 μέρος
917 615 1020 685 μέν
1060 636 1112 669 τι
1153 619 1262 685 ἔχει
1302 616 1410 669 ὑπὸ
1445 620 1635 686 στίχου
1668 637 1829 670 κατα-

140 698 532 767 μετρούμενον,
571 697 736 767 μέρος
775 694 835 750 δὲ
875 699 1292 766 συστηματικόν.

253 780 434 832 Κοινὰ
473 775 533 831 δὲ
582 779 684 831 ὅσα
731 779 838 832 ὑπὸ
881 782 1221 848 συστήματος
1259 777 1362 848 μὲν
1399 789 1828 849 καταμετρεῖται,

143 861 276 913 αὐτὸ
318 861 380 913 δὲ
418 861 479 914 τὸ
520 861 771 928 σύστημα
809 858 920 929 ἔχει
957 862 1362 930 πληρούμενον,
1403 854 1493 913 οἷά
1524 860 1639 914 ἐστι
1671 862 1736 914 τὰ
1769 860 1830 914 ἐν

140 949 208 1014 τᾷ
249 941 487 1013 δευτέρῳ
527 941 617 994 καὶ
657 942 820 1013 τρίτῳ
861 945 1156 1009 Σαπφοῦς·
1196 940 1258 994 ἐν
1299 935 1382 1005 οἷς
1419 951 1829 1013 καταμετρεῐται

141 1023 241 1090 μὲν
279 1023 387 1076 ὑπὸ
430 1025 716 1093 ὃιστιχίας,
756 1024 892 1092 αὐτὴ
935 1024 995 1076 δὲ
1033 1023 1066 1092 ἡ
1109 1024 1346 1093 ὃιστιχία
1386 1023 1549 1093 ὁμοία
1588 1023 1717 1078 ἐστί.

251 1104 338 1173 (2)
366 1105 512 1173 <Καὶ
543 1106 609 1157 τὰ
641 1104 743 1173 μέν
774 1103 924 1171 ἐστι>
955 1105 1092 1156 κατὰ
1122 1103 1329 1173 σχέσιν,
1368 1105 1435 1157 τὰ
1468 1102 1528 1158 δὲ
1562 1104 1829 1158 ἀπολελυ-

139 1185 298 1255 μένα,
347 1188 411 1239 τὰ
451 1183 512 1239 δὲ
552 1185 605 1249 ἐξ
646 1185 875 1253 ὁμοίων,
923 1186 989 1238 τὰ
1029 1185 1090 1238 δὲ
1127 1187 1353 1254 μετρικοὶ
1393 1187 1620 1254 ἄτακτα,
1663 1188 1730 1239 τὰ
1769 1183 1829 1239 δὲ

139 1268 317 1336 μικτά,
356 1268 422 1320 τὰ
463 1268 524 1321 δὲ
561 1268 737 1320 κοινά.

252 1348 362 1402 Καὶ
417 1350 552 1402 κατὰ
606 1348 794 1418 σχέσιν
848 1348 949 1415 μέν
1003 1347 1178 1416 ἐστιν,
1235 1347 1336 1408 ὅσα
1389 1359 1662 1419 μετρεῖται
1718 1350 1827 1403 ὑπὸ

141 1435 509 1500 συστήματος,
557 1435 797 1483 καλεῖται
847 1428 907 1483 δὲ
948 1429 1122 1493 οὕτως
1162 1430 1254 1482 διὰ
1293 1430 1353 1482 τὸ
1394 1430 1600 1499 <κατὰ>
1641 1430 1830 1500 σχέσιν

140 1514 262 1565 τινὰ
301 1514 437 1582 πρὸς
477 1513 684 1580 ἄλληλα
723 1514 788 1565 τὰ
828 1511 889 1564 ἐν
919 1519 993 1583 τῷ
1027 1513 1288 1579 ποιήματι
1322 1513 1637 1580 συστήματα
1669 1531 1829 1564 κατα-

140 1598 475 1662 μετρεῖσθαι.

254 1675 334 1743 (3)
373 1673 451 1737 Ἐξ
493 1674 698 1742 ὁμοίων
738 1671 798 1727 δὲ
839 1675 941 1727 ὅσα
980 1672 1039 1727 ἐκ
1078 1681 1178 1726 τοῦ
1211 1674 1382 1727 αὐτοῦ
1414 1676 1582 1737 ποδός
1614 1673 1764 1727 ἐστιν
1796 1674 1827 1743 ἢ

139 1765 234 1825 τῆς
288 1757 456 1824 αὐτῆς
509 1759 769 1823 συζυγίας
822 1755 854 1823 ἢ
910 1763 1004 1824 τῆς
1059 1755 1226 1823 αὐτῆς
1275 1756 1540 1825 περιόδου
1587 1755 1829 1825 ἀρχικῆς,

141 1840 266 1891 οὔτε
297 1838 404 1890 ὑπὸ
435 1840 623 1906 στίχου
658 1838 784 1890 οὔτε
817 1837 924 1890 ὑπὸ
959 1839 1304 1906 συστήματος
1334 1839 1828 1906 καταμετρούμενα.

252 1921 334 1988 (4)
355 1921 600 1988 Μετρικὰ
627 1917 686 1972 δὲ
713 1919 930 1987 ἄτακτα,
949 1920 1049 1971 ὅσα
1076 1918 1133 1971 ἐκ
1157 1917 1374 1988 μέτρων
1397 1919 1499 1987 μὲν
1525 1919 1827 1987 ὁμολογου-

257 2055 370 2095 3-5
403 2052 478 2094 At.
506 2051 626 2094 Forb.
646 2050 709 2093 VI
735 2055 832 2103 296,
854 2055 874 2093 1
903 2053 917 2107 ΙΙ
941 2054 968 2092 4
1001 2049 1120 2093 κατὰ
1153 2048 1306 2107 σχέσιν
1339 2049 1480 2093 schol.
1515 2050 1564 2092 in
1591 2050 1826 2107 Aristoph.

136 2110 256 2154 Nub.
273 2114 358 2153 518
374 2110 448 2167 (V)
466 2112 479 2167 ΙΙ
499 2114 552 2153 18
577 2110 636 2153 ad
654 2110 862 2153 carmina
881 2109 925 2162 ἐξ
945 2107 1116 2165 ὁμοίων
1135 2109 1190 2152 cf.
1203 2109 1304 2152 Ter.
1315 2108 1530 2152 Mau1·.V1
1546 2125 1585 2152 v.
1603 2115 1715 2153 1512
1729 2125 1826 2165 sqq.

137 2174 251 2213 2056
267 2183 365 2225 sqq.
422 2169 536 2214 Mar.
556 2168 676 2213 vict.
697 2168 758 2211 VI
784 2174 854 2224 91,
872 2173 1011 2225 Ssqq.
1037 2171 1051 2225 ΙΙ
1078 2173 1131 2211 19
1166 2168 1222 2212 de
1255 2168 1447 2226 periodo
1482 2168 1539 2212 cf.
1572 2168 1687 2213 Mar.
1707 2169 1827 2212 vict.

135 2229 198 2271 VI
224 2234 293 2284 55,
314 2234 351 2272 1.
399 2228 455 2272 Is.
482 2229 630 2273 Tzetz.
658 2227 744 2271 ΑΡ
766 2228 788 2270 Ι
813 2232 882 2282 64,
902 2233 956 2271 29
973 2243 1071 2285 sqq.
1112 2230 1126 2285 ΙΙ
1173 2232 1361 2281 21—60,
1382 2232 1406 2270 5
1438 2227 1495 2271 Is.
1523 2228 1673 2272 Tzetz.
1699 2228 1785 2271 ΑΡ
1809 2228 1830 2271 Ι

255 2396 281 2436 8
313 2394 422 2448 posia
453 2392 657 2448 σύστημα
691 2391 797 2434 add.
831 2391 986 2448 Bergk
1018 2390 1173 2450 (κατὰ
1206 2389 1420 2451 στίχον>,
1452 2391 1701 2447 Wesbphal
1742 2391 1829 2450 <ἐκ

136 2459 228 2495 τῶν
265 2452 418 2496 αὐτῶν
456 2450 666 2510 μέτρων>
696 2453 701 2508 Ι
731 2450 822 2507 ἔχει
853 2452 889 2503 Ι,
925 2450 1018 2495 ἔστι
1043 2451 1186 2507 ΑΗΙΙ
1214 2455 1267 2494 10
1304 2449 1607 2509 διστοιχείαισ
1635 2451 1736 2507 (Sic)
1770 2452 1828 2504 A,

137 2508 392 2568 διστοιχίας
433 2513 483 2566 Ι,
527 2507 779 2568 διστιχείας
819 2510 876 2552 Η
929 2510 935 2567 Ι
993 2509 1109 2565 αὐτὴ
1153 2510 1296 2564 Flor.,
1342 2509 1458 2566 αὕτη
1505 2509 1637 2553 codd.
1697 2512 1702 2566 ξ
1762 2511 1830 2553 δι-

138 2568 287 2627 στιχία
320 2571 392 2624 Η,
431 2567 660 2628 διστοιχία
695 2570 778 2613 ΑΙ
826 2571 839 2624 ΙΙ
889 2574 941 2612 11
981 2568 1224 2612 τὰ-ἐστι
1263 2570 1458 2624 inserui3
1499 2570 1627 2628 <τῶν
1668 2570 1718 2613 δὲ
1752 2583 1829 2613 συ-

137 2644 187 2673 στ
221 2636 425 2685 ματικῶν
465 2629 592 2685 ἐστι)
624 2627 836 2684 Wesbph.
891 2630 905 2684 ΙΙ
961 2633 1015 2672 14
1055 2628 1134 2671 καὶ
1173 2630 1299 2682 ΑΗ,
1342 2643 1428 2672 om.
1463 2631 1498 2672 I
1547 2630 1560 2684 Η
1617 2633 1670 2671 15
1710 2627 1829 2672 κατὰ

138 2647 291 2746 σχέσιν
323 2688 429 2732 τινὰ
462 2688 639 2744 scripsi,
675 2688 795 2746 ἔχειν
826 2686 932 2730 τινὰ
966 2685 1117 2745 σχέσιν
1145 2687 1192 2742 C,
1226 2688 1346 2745 ἔχειν
1369 2687 1476 2732 τινὰ
1506 2687 1605 2731 rell.
1632 2689 1646 2743 ΙΙ
1674 2692 1725 2730 16
1751 2687 1827 2745 τὰ]

138 2746 290 2805 σχέσιν
323 2747 379 2792 τὰ
403 2747 459 2790 H
504 2750 509 2804 Ι
558 2749 665 2803 post
697 2746 962 2801 συστήματα
995 2746 1101 2790 add.
1137 2746 1186 2791 ἐν
1216 2750 1279 2807 τῷ
1299 2749 1351 2791 H
1395 2750 1408 2803 ΙΙ
1456 2749 1564 2790 ante
1598 2762 1634 2790 v.
1664 2751 1717 2791 18
1752 2747 1828 2790 de-

139 2808 246 2850 sunt
283 2806 342 2850 τὰ
381 2805 721 2899 ἀπολελυμέτὲα,
766 2806 847 2850 sed
890 2820 982 2849 non
1025 2805 1237 2849 codicum
1271 2806 1382 2849 vitio
1431 2808 1444 2862 Η
1495 2811 1547 2849 19
1582 2808 1725 2865 ἀρχῆς
1758 2808 1788 2849 Ι
1816 2807 1829 2862 ΙΙ

668 2877 689 2899 κ

141 2913 191 2951 21
229 2910 278 2954 ἐκ
311 2911 375 2964 Η,
408 2910 487 2953 καὶ
520 2912 578 2964 Α,
611 2911 690 2953 καὶ
723 2911 755 2953 Ι

1854 1045 1896 1078 10

1855 1451 1895 1484 15

1854 1859 1896 1892 20
