2090 3158
178 173 250 226 46
381 173 804 216 ΗΦΑΙΣΤΙΩΝΟΣ
835 172 1223 213 ΕΓΧΕΙΡΙΔΙΟΝ
1257 172 1400 212 ΠΕΡΙ
1429 170 1690 213 ΜΕΤΡΩΝ.

179 310 363 362 κανὼν
403 306 463 362 δὲ
505 308 676 362 αὐτοῦ

713 391 855 457 αβαβ
894 390 1038 456 ββαα
1077 388 1221 456 βαβα
1259 383 1393 453 βααβ

711 473 855 537 ββαβ
895 471 1037 537 assaa
1075 470 1221 536 βαββ
1259 469 1411 534 βαβῆ

289 599 372 666 (6)
408 596 534 650 Ἀπ’
558 596 916 658 ἐλάσσονος
949 591 1010 646 δὲ
1044 594 1395 647 ἐπιωνικὸν
1426 596 1718 662 τρίμετρον
1742 592 1869 646 ἀκα-

133 699 151 731 5
177 681 446 747 τάληκτόν
485 677 597 731 ἐστι
637 675 775 745 παρ’
824 675 1101 744 Ἀλκμᾶνι,
1154 675 1183 728 ὃ
1223 676 1324 743 τὴν
1361 675 1462 743 μὲν
1501 676 1723 744 πρώτην
1762 676 1871 743 ἔχει

178 760 434 829 ἰαμβικὴν
481 757 752 827 ἑξάσημον
790 756 822 825 ἢ
864 756 1201 830 ἑπτάσημον,
1240 757 1334 819 τὰς
1375 753 1435 808 δὲ
1476 755 1595 824 ἑξῆς
1635 756 1737 808 δύο
1781 758 1870 808 ἰω-

178 842 333 903 mades
374 839 675 908 ἑξασήμους
713 839 979 907 καθαράς,
1021 831 1144 891 οἷον

323 937 603 1006 περισσόν.
652 936 712 988 αἲ
732 936 836 1004 γὰρ
866 934 1142 988 Ἀπόλλων
1167 934 1195 987 ὁ
1215 935 1436 1002 Λύκηος
1461 932 1657 1004 (Alam.
1677 932 1772 1004 83)
1800 966 1868 972 —

336 1017 449 1071 Ἰνὼ
476 1015 939 1083 σαλασσομέδοισ’
964 1016 1033 1069 ἃν
1057 1016 1161 1068 ἀπὸ
1185 1016 1414 1082 μάσδων
1455 1014 1648 1086 (Alam.
1669 1013 1779 1086 84).

111 1150 153 1182 10
177 1131 363 1182 κανὼν
402 1127 463 1182 δὲ
505 1129 676 1182 αὐτοῦ

710 1213 852 1279 αβαβ
892 1212 1033 1278 ααββ
1074 1211 1245 1277 ααββα

709 1294 854 1361 ββαβ
893 1293 1035 1358 ααββ
1076 1293 1260 1357 ααββῆ

286 1418 348 1485 (7
342 1420 372 1486 )
413 1421 685 1487 Καθαροῦ
732 1414 834 1484 μὲν
881 1419 1040 1479 ὄντος
1086 1423 1187 1468 τοῦ
1229 1418 1456 1468 ἰωνικοῦ
1496 1424 1680 1469 τοῦτο·
1736 1416 1865 1470 ἀνα-

175 1499 458 1568 κλωμένου
507 1496 566 1552 δὲ
613 1501 773 1565 ὄντος
821 1499 1017 1564 αὐτοῦ,
1065 1502 1441 1566 προταχθεῖσα
1490 1499 1712 1566 ἰαμβικὴ
1753 1497 1867 1561 ἑξά-
1901 1493 1999 1563 [87]

109 1600 150 1632 15
175 1596 345 1650 σημος
406 1580 438 1648 ἢ
503 1579 807 1649 ἑπτάσημος
869 1589 1014 1632 ποιεῖ
1075 1580 1135 1631 τὸ
1200 1586 1478 1646 τοιοῦτον,
1537 1572 1660 1632 οἷον
1721 1582 1867 1649 παρὰ

177 1667 407 1732 Σαπφοῖ

324 1761 431 1827 ἔχει
471 1759 574 1827 μὲν
614 1757 946 1827 Ἀνδρομέδα
986 1759 1159 1810 καλᾶν
1198 1757 1436 1825 ἀμοιβάν
1476 1755 1597 1828 (58)
1632 1789 1701 1794 ——
1898 1768 1954 1807 47

333 1839 563 1907 Ψάπφοι
602 1842 660 1891 τί
695 1839 794 1891 τὰν
833 1839 1148 1904 πολύολβον
1199 1837 1527 1907 Ἀφροδίταν
1567 1836 1709 1909 (59)·

175 1952 361 2003 κανὼν
401 1947 461 2003 δὲ
501 1950 671 2002 αὐτοῦ

110 2053 151 2084 20
709 2033 852 2098 αβαβ
892 2034 1034 2098 ααβα
1073 2033 1246 2100 βαββα

707 2115 851 2180 ββαβ
892 2117 1033 2180 ααβα
1072 2115 1259 2181 βαββῆ

297 2307 407 2345 1-3
442 2316 528 2346 om.
563 2303 679 2345 1M¹
703 2304 717 2357 ΙΙ
743 2307 767 2344 2
802 2304 861 2360 βα
895 2304 1130 2361 βαοεβ]βαβ
1164 2303 1208 2346 Α
1243 2305 1257 2359 ΙΙ
1294 2307 1318 2345 3
1352 2303 1401 2345 in
1433 2304 1479 2347 A
1509 2317 1602 2346 non
1635 2305 1742 2345 sunt
1773 2302 1864 2345 nisi

175 2361 290 2404 haec
323 2363 568 2420 βαεβαεβα
606 2363 620 2417 ΙΙ
667 2367 694 2403 4
727 2361 1045 2418 ἀκατάληκτον
1079 2376 1165 2405 om.
1201 2364 1234 2405 Ι
1273 2364 1286 2418 ΙΙ
1335 2367 1359 2405 9
1393 2359 1773 2418 σαλασσομέδοισ’
1804 2361 1864 2406 ἂν

174 2421 369 2473 Porson,
412 2420 835 2476 σαλασσομέὸοισὰν
867 2422 932 2474 A,
974 2420 1116 2472 σάλοις
1148 2420 1397 2476 ὁμέὸοισαν
1429 2423 1462 2464 Ι
1514 2423 1519 2475 Ι
1577 2420 1863 2476 ἀπομάσὸων

176 2481 330 2523 ΑΙΜ
378 2482 392 2535 ΙΙ
448 2484 501 2522 10
535 2480 678 2522 αὐτοῦ
713 2476 846 2531 οὗτος
877 2482 909 2522 Ι
957 2482 971 2536 ΙΙ
1027 2485 1078 2523 11
1113 2480 1162 2522 in
1194 2480 1284 2523 fine
1317 2482 1441 2538 ααββ
1463 2483 1498 2524 Ι
1543 2482 1557 2536 ΙΙ
1606 2485 1659 2522 12
1691 2479 1740 2522 in
1771 2479 1862 2523 fine

175 2540 301 2596 ααβα
326 2540 357 2581 Ι
387 2543 400 2594 Η
435 2544 488 2582 14
518 2538 727 2596 ἰαμβικὴ]
763 2539 953 2596 ἰαμβικὴ
987 2538 1090 2593 ἤτοι
1121 2541 1153 2582 Ι
1184 2541 1198 2595 ΙΙ
1232 2544 1284 2582 17
1319 2537 1586 2595 ἀνδρομέδα
1617 2538 1764 2582 καλὰν
1796 2539 1860 2589 Η,

175 2596 470 2653 ἀνδρομέδαν
511 2597 628 2641 καλὰ
669 2600 757 2641 ΑΙ
795 2600 809 2653 ΙΙ
859 2601 911 2640 18
958 2606 1140 2654 σαπφοῑ
1180 2600 1211 2641 Ι
1257 2602 1261 2653 Ι
1312 2615 1354 2641 τι
1398 2598 1483 2642 τάν
1524 2600 1558 2642 Ι
1595 2599 1610 2654 ΙΙ
1658 2602 1711 2640 19
1754 2600 1862 2652 post

176 2657 319 2699 αὐτοῦ
353 2657 457 2698 add.
494 2654 570 2700 ὅδε
604 2659 643 2710 1,
677 2654 811 2707 οὗτος
843 2658 897 2700 Η
