2090 3158
630 155 774 196 ΠΕΡΙ
804 151 1189 198 ΠΟΙΗΜΑΤΩΝ.
1222 157 1280 198 Π.
1306 157 1387 198 111.
1782 154 1854 207 65

161 288 497 359 ὡρισμένου,
545 281 659 341 οἷοί
704 290 847 341 εἰσιν
886 288 941 340 οἱ
985 283 1148 357 νόμοι
1186 289 1239 341 οὶ
1278 288 1643 362 κιθαρῳδικοὶ
1693 292 1852 359 Τιμο-

161 371 318 424 θέου.

275 453 358 521 (4)
391 453 644 520 Μετρικὰ
684 447 745 503 δὲ
781 449 984 503 ἄτακτοί
1023 448 1198 519 ἐστιν,
1232 452 1369 521 ἅπερ
1408 450 1587 524 μέτρῳ
1627 449 1729 519 μὲν
1767 452 1852 520 γέ-

162 535 404 603 γραπταί
453 553 598 600 τινι,
649 533 776 586 οὔτε
830 532 891 585 δὲ
946 531 1240 601 ὁμοιότητα
1293 530 1403 602 ἔχει
1441 534 1593 603 ,πρὸς
1647 535 1853 602 ἄλληλα

161 616 288 668 οὔτε
336 614 734 683 ἀνακύκλησιν,
783 606 905 667 οἷόν
952 613 1068 666 ἐστι
1123 615 1183 666 τὸ
1230 622 1331 667 τοῦ
1372 612 1697 684 Σιμωνίδου
1745 613 1853 668 ἐπί·
1901 639 1922 671 5

161 716 384 766 γραμμα
422 694 580 767 (188)

221 780 448 853 ’Ἰσθμια
488 787 589 852 δίς,
632 784 817 854 Νεμέᾳ
856 784 958 851 δίς,
1003 781 1266 855 Ὀλυμπίᾳ
1305 783 1720 854 ἐστεφανώθην,

349 867 417 920 οὐ
456 867 649 920 πλάτει·
687 874 861 918 νικῶν
900 866 1166 935 σώματος,
1207 865 1346 918 ἀλλὰ
1384 866 1566 939 τέχνα,

459 947 844 1016 Άριστόδαμος
887 947 1143 1015 Θράσυος
1175 945 1376 1010 Άλεῑος
1414 948 1573 1020 πάλᾳ.

0 1048 135 1112 [123]
162 1047 413 1107 τοιοῦτός
467 1043 581 1098 ἐστι
635 1044 724 1097 καὶ
780 1043 808 1096 ὁ
855 1046 1144 1112 Μαργίτης
1192 1041 1452 1113 Ὁμήρου·
1508 1045 1575 1098 οὐ
1623 1046 1726 1115 γὰρ
1774 1065 1852 1099 τε·
1881 1069 1923 1100 ιο

163 1126 412 1199 ταγμένςο
453 1126 673 1199 ἀριθμῷ
709 1124 856 1179 ἐπῶν
895 1125 956 1177 τὸ
1000 1126 1256 1193 ἰαμβικὸν
1295 1124 1624 1194 ἐπιφέρεται.

0 1226 23 1300 2
272 1209 356 1277 (5)
380 1207 460 1272 Ἐξ
494 1207 700 1275 ὁμοίων
731 1205 796 1259 δέ
825 1205 992 1274 ἐστιν,
1025 1208 1161 1276 απερ
1194 1206 1303 1259 ὑπὸ
1337 1206 1553 1270 ποδὸς
1532 1209 1564 1305 η’
1592 1211 1854 1276 συζυγίας

165 1288 194 1357 ἢ
233 1290 500 1359 περιόδου
538 1296 949 1356 καταμετρεῖται
989 1289 1122 1340 ἄνευ
1163 1287 1408 1355 ἀριθμοῦ
1441 1290 1593 1351 τινὸς
1624 1290 1853 1360 ὡρισμέ-

163 1387 291 1424 νου·
355 1371 426 1434 ὡς
480 1370 577 1424 ἐὰν
630 1368 955 1438 τεταγμένος
1010 1368 1249 1439 ἀριθμὸς
1310 1374 1369 1441 ᾑ,
1433 1370 1534 1423 οὐκ
1588 1368 1740 1424 ἔστιν
1797 1371 1851 1436 ἐξ

71 1463 126 1502 67
162 1452 385 1522 ὁμοίων,
426 1451 564 1504 ἄλλα
602 1453 737 1504 κατὰ
770 1449 972 1519 σχέσιν,
1014 1451 1086 1513 ὡς
1126 1450 1187 1504 ἐν
1225 1458 1299 1523 τῷ
1333 1450 1470 1519 παρ’
1501 1451 1726 1525 Ἀλκαίῳ
1760 1451 1853 1523 ἄσ-
1879 1477 1921 1509 15

0 1527 5 1542 ²
160 1554 287 1601 ματι
330 1532 466 1605 (59),
507 1529 573 1586 οὗ
613 1534 645 1601 ἡ
687 1532 826 1601 ἀρχή

312 1626 404 1692 ε”με
444 1624 651 1689 δείλαν,
691 1624 783 1690 ἔμε
821 1621 1004 1674 πάσαν
1043 1622 1360 1674 κακοτοὲτων
1397 1621 1739 1691 πεδέχοισαν.

161 1721 386 1788 ἄπειρος
431 1716 533 1788 μὲν
580 1718 683 1786 γάρ
731 1737 814 1779 τις
861 1718 939 1770 ὢν
986 1720 1214 1786 φήσειεν
1261 1716 1330 1770 ἂν
1370 1718 1502 1771 αὐτὸ
1552 1718 1604 1782 ἐξ
1647 1719 1852 1786 ὁμοίων

161 1794 320 1869 εἶναι,
361 1799 414 1865 ἐξ
456 1803 681 1868 ι’ωνικῆς
719 1798 821 1852 ἀπ’
852 1798 1151 1862 ἐλάσσονος
1187 1802 1447 1867 συζυγίας
1474 1802 1847 1900 καταμετρού-

0 1907 4 1945 ³
160 1902 347 1950 μενον,
385 1883 540 1950 ἡμεῖς
579 1881 656 1949 δέ,
690 1879 806 1934 ἐπεὶ
846 1882 981 1934 κατὰ
1014 1879 1145 1934 δέκα
1176 1879 1390 1949 ὁρῶμεν
1422 1881 1556 1934 αὐτὸ
1590 1884 1848 1950 συζυγίας
1874 1906 1920 1937 20

159 1964 687 2033 καταμετρούμενον,
727 1964 863 2015 κατὰ
901 1961 1090 2031 σχέσιν
1129 1963 1262 2015 αὐτὸ
1303 1962 1620 2030 γεγραφθαι
1654 1963 1849 2031 φαμέν.

0 2049 132 2109 [124]
163 2046 354 2114 διόπερ
410 2043 501 2097 καὶ
555 2045 621 2096 τὰ
675 2044 1088 2114 μονοστροφικὰ
1139 2041 1350 2114 ᾄσματα
1398 2042 1529 2096 δέκα
1575 2046 1709 2097 ὄντα
1756 2061 1850 2098 συ-

162 2129 363 2194 ζυγιῶν
417 2126 559 2179 οὕτω
614 2130 953 2193 πεποιῆσθαι
1007 2128 1312 2194 νομίζομεν.
1384 2122 1536 2178 ’Έστι
1601 2126 1665 2179 δέ
1727 2146 1850 2180 τινα

282 2291 302 2329 1
339 2284 492 2344 νόμοι]
525 2286 665 2330 Arist.
692 2285 845 2328 Probl.
871 2285 974 2328 XIX
1001 2290 1054 2328 15
1101 2287 1115 2342 ΙΙ
1157 2290 1210 2328 15
1243 2285 1357 2329 Mar.
1381 2285 1500 2329 Vict.
1523 2285 1587 2328 VI
1611 2291 1681 2339 91,
1708 2291 1846 2343 Ssqq.

165 2349 351 2399 129‚24.
407 2345 508 2389 Ter.
534 2345 682 2388 Maur.
709 2345 770 2387 VI
803 2359 843 2389 v.
873 2350 983 2387 1512
1000 2359 1098 2400 sqq.
1139 2347 1152 2401 ΙΙ
1194 2350 1245 2388 17
1280 2345 1405 2388 idem
1438 2345 1700 2401 exemplum
1734 2351 1803 2400 38,
1823 2353 1848 2389 5

280 2500 306 2536 4
338 2495 445 2550 posta
474 2510 566 2536 τινι
596 2507 726 2550 prop.
760 2491 1184 2552 <ὁμολογουμένῳ>
1218 2491 1388 2536 Cacsar
1411 2494 1425 2548 ΙΙ
1453 2497 1475 2535 7
1509 2491 1648 2547 νέμεα
1681 2493 1813 2536 codd.
1841 2498 1845 2548 Ι

161 2553 441 2610 δισολύμπια
473 2554 533 2607 A,
565 2553 639 2603 δὶς
672 2551 872 2608 ὁλύμπια
905 2554 934 2595 Ι
955 2554 968 2608 ΙΙ
994 2556 1019 2594 8
1051 2539 1189 2610 τέχνη
1221 2553 1266 2595 Α
1290 2554 1303 2608 ΙΙ
1328 2556 1353 2594 9
1387 2550 1695 2607 ἀριστόδημος
1725 2555 1848 2607 θρα-

161 2612 243 2662 συς
273 2614 424 2662 αλεῖος
456 2611 602 2667 (αλιος
637 2613 683 2667 J)
716 2611 861 2654 πάλαι
894 2611 1027 2654 codd.
1067 2613 1081 2667 ΙΙ
1127 2617 1179 2654 12
1213 2611 1303 2654 ὑπὸ
1338 2611 1455 2669 (τοῦ
1489 2611 1670 2669 αὐτοῦ>
1703 2612 1850 2662 ποδὸς

162 2671 317 2724 Pauw,
351 2673 397 2714 et
429 2671 516 2714 hoc
541 2673 588 2714 ct
613 2670 729 2729 <της
753 2669 930 2729 αὐτῆς)
955 2669 1178 2725 περιόδου
1202 2670 1414 2726 Wcstph.
1440 2672 1453 2726 Ι,
1481 2674 1533 2712 15
1566 2672 1673 2726 post
1698 2669 1849 2728 σχέσιν

160 2730 267 2773 add.
296 2731 339 2774 A
373 2731 454 2786 μὲν
501 2732 515 2786 ΙΙ
564 2735 614 2772 17
652 2730 726 2786 ἐμὲ
767 2731 925 2773 ὃειλᾶν
961 2729 1148 2802 (δειλόίν
1186 2731 1247 2784 A)
1289 2729 1364 2785 ἐμὲ
1404 2736 1562 2772 πασᾶν
1595 2729 1750 2783 codd,
1791 2730 1846 2773 cf

161 2803 206 2845 p.
234 2793 303 2841 38
323 2795 347 2832 5
391 2792 396 2845 Ι
446 2788 723 2862 πεδέχοισαν
757 2788 967 2843 Bentley,
1007 2786 1114 2834 πέδ’
1145 2789 1192 2847 ἔχ
1197 2802 1331 2832 οισαν
1364 2790 1430 2842 A,
1470 2787 1757 2847 πεδέχουσαν
1782 2791 1816 2832 Ι
1835 2792 1848 2845 Η

165 2852 219 2891 18
260 2848 324 2892 ὤν
362 2865 431 2898 τις
471 2851 503 2892 Ι
553 2850 559 2904 Ι
618 2846 676 2892 διν
717 2847 878 2902 Turn.‚
919 2862 1007 2891 om.
1049 2807 1192 2892 coddx
1223 2849 1285 2903 (A
1324 2847 1372 2890 in
1417 2847 1543 2890 exitu
1586 2843 1803 2903 lineolae)
1835 2851 1849 2904 Η

160 2911 216 2949 21
251 2907 678 2964 καταμετρούμενον
711 2908 834 2960 AH,
873 2906 1189 2963 γεγραμμένον
1221 2909 1255 2950 Ι

250 2989 512 3020 Hamus-no
537 2989 595 3020 ed.
613 2988 903 3021 Consbruch.
1554 2986 1578 3023 5
