2090 3158
0 267 94 378 3³⁸⁶>

0 676 12 697 ε

0 723 13 755 5

0 891 88 983 ξεῖ»)

0 986 19 1032 ’ξ

0 1091 18 1166 ε,

0 1182 7 1203 Ι

0 1233 15 1301 ξ

0 1323 13 1418 ἓ

0 1469 12 1489 ⁵

0 1576 88 1692 Ξ86)

0 1846 13 1912 V

0 1932 18 2008 ᾗ,

0 2677 26 2884 &itm-'c'
0 2349 35 2660 Ἶῖἳήπε-ΡΊ
0 2330 8 2339 “
2 2298 14 2318 τ
0 2269 7 2278 ’

732 157 1199 200 ΠΡΟΛΕΓΟΜΕΝΑ
1714 158 1819 210 179

236 290 509 361 Διαφέρει
565 288 669 344 οὖν
716 291 745 346 ὁ
793 293 1011 361 ῥυθμὸς
1063 299 1163 344 τοῦ
1218 291 1446 360 μέτρου,
1502 293 1585 345 ὅτι
1640 293 1669 346 ὁ
1719 291 1821 360 μὲν

127 371 343 439 ῥυθμὸς
382 371 443 425 ἐν
482 377 707 437 πολλοῖς
747 373 897 427 ἐστὶν
935 372 1026 426 καὶ
1067 372 1128 426 ἐν
1167 371 1369 440 λέξεσι,
1416 374 1477 426 τὸ
1518 374 1579 427 δὲ
1617 374 1820 442 μέτρον

125 451 188 506 ἐν
225 456 417 521 μόνοις
462 464 578 517 τοῖς
625 457 858 524 χρόνοις.
934 462 1099 508 τοῦτο
1140 454 1202 508 δὲ
1241 455 1402 523 δηλοῖ
1440 455 1529 507 καὶ
1580 454 1819 524 Ἀριστο-

126 535 330 604 φάνης,
382 537 429 588 εἰ
475 535 566 589 καὶ
616 537 769 590 δοκεῖ
813 538 1026 601 παίζειν
1073 537 1312 604 εἰσάγων
1358 537 1456 594 τὸν
1497 538 1818 605 Σωκράτην,

126 617 211 670 ὅτι
250 616 525 686 διαφέρει·
566 617 711 685 λέγει
751 619 855 688 γὰρ
897 618 1071 680 οὕτως
1110 615 1276 688 (Nub.
1307 611 1438 688 638)
1866 639 1885 671 5

270 714 509 780 πότερον
546 713 672 782 περὶ
711 713 926 784 μέτρων
966 715 997 783 ἢ
1036 713 1161 782 περὶ
1204 713 1351 766 ἐπῶν
1389 712 1421 781 ἢ
1462 713 1720 783 ῥυθμῶν·

124 808 262 861 ὥστε
303 810 476 877 δῆλον
516 810 599 862 ὅτι
639 811 774 863 ἄλλο
813 811 1016 878 μέτρον
1055 809 1145 862 καὶ
1187 811 1320 862 ἄλλο
1361 809 1594 877 ῥυθμός.

235 897 465 967 Λέγεται
507 899 568 951 δὲ
606 900 666 950 τὸ
706 898 909 967 μέτρον
947 902 1245 967 πολλαχῶς.
1323 897 1438 951 ἔστι
1478 900 1583 967 γὰρ
1616 898 1818 969 μέτρον

122 980 182 1032 τὸ
221 987 460 1047 μετροῦν
499 978 590 1032 καὶ
630 981 760 1048 <τὸ>
800 980 1201 1048 μετρούμενον,
1247 981 1498 1048 καθάπερ
1538 981 1628 1033 καὶ
1667 980 1818 1047 μέδι-

120 1081 257 1127 μνος
295 1062 383 1113 καὶ
425 1059 600 1129 χοῖνιξ
641 1062 729 1114 καὶ
762 1069 951 1129 πῆχυς.
1009 1061 1222 1129 λέγεται
1253 1061 1457 1130 μέτρον
1488 1062 1579 1114 καὶ
1610 1061 1643 1130 ἡ
1678 1076 1813 1128 συμ-
1839 1083 1884 1116 ιο

120 1144 338 1210 μετρία,
382 1143 455 1205 ὡς
495 1143 654 1211 δηλοῖ
693 1143 753 1195 τὸ
795 1145 1095 1211 λεγόμενον
1135 1142 1265 1194 επᾶν
1307 1141 1509 1211 μέτρον
1552 1144 1815 1211 ἄριστον’.

122 1223 332 1291 λέγεται
375 1221 435 1276 δὲ
474 1224 678 1292 μέτρον
716 1225 805 1277 καὶ
846 1224 874 1277 ὁ
913 1227 1054 1286 ποὺς
1094 1224 1123 1277 ὁ
1161 1223 1386 1286 ἁπλοῦς,
1428 1223 1567 1277 ὅθεν
1597 1225 1687 1277 καὶ
1719 1226 1818 1278 τὸν

120 1308 310 1374 στίχον
351 1305 647 1373 ἑξάμετρόν
687 1326 886 1375 φαμεν,
927 1305 1102 1358 οἱονεὶ
1142 1304 1197 1368 ἓξ
1236 1307 1412 1367 πόδας
1453 1308 1662 1373 ἔχοντα.
1733 1306 1816 1358 λέ-

120 1406 271 1455 γεται
318 1387 520 1456 μέτρον
566 1389 657 1440 καὶ
703 1387 735 1455 ἡ
785 1389 1034 1454 διποδία,
1083 1387 1221 1439 ὅθεν
1267 1385 1358 1438 καὶ
1406 1389 1536 1449 τοὺς
1585 1387 1817 1456 ἰάμβους

119 1467 445 1535 τριμέτρους
506 1471 783 1536 εἰώθαμεν
844 1473 1034 1522 καλεῖν
1095 1469 1232 1520 κατὰ
1293 1469 1554 1520 διποδίαν
1613 1468 1816 1531 αὐτοὺς
1842 1490 1881 1522 15

121 1549 505 1620 ἀριθμοῦντες.
599 1549 810 1617 λέγεται
873 1549 1074 1618 μέτρον
1127 1548 1217 1602 καὶ
1273 1551 1335 1602 τὸ
1400 1550 1650 1618 σύστημα
1704 1560 1815 1603 τῶν

120 1632 327 1699 ποδῶν,
369 1623 490 1684 οἷον
530 1634 712 1700 στίχος
743 1632 774 1700 ἢ
811 1634 1019 1699 ἴαμβος,
1061 1631 1201 1683 ὅθεν
1241 1631 1471 1699 λέγομεν
1510 1632 1676 1699 τήνδε
1714 1633 1816 1700 τὴν

122 1713 411 1784 ῥαψῳδίαν
456 1715 790 1766 πεντακόσια
835 1714 1005 1781 τυχὸν
1052 1710 1199 1780 ἔχειν
1244 1712 1437 1781 μέτρα,
1487 1712 1660 1765 οἱονεὶ
1702 1715 1815 1766 στί-

120 1814 253 1863 χους
299 1797 709 1857 πεντακοσίους.
787 1794 997 1862 λέγεται
1048 1795 1215 1846 πάλιν
1260 1794 1463 1862 μέτρον
1502 1797 1814 1857 καθολικῶς

119 1883 267 1927 πᾶσα
312 1872 575 1944 ἔμμετρος
621 1876 822 1945 φράσις
867 1876 1005 1945 πρὸς
1052 1876 1477 1943 ἀντιδιαστολὴν
1515 1883 1611 1943 τῆς
1655 1879 1814 1945 πεζῆς
1838 1897 1881 1929 20

119 1955 329 2023 λέξεως,
369 1956 542 2009 οἱονεὶ
581 1958 642 2010 τὸ
681 1960 902 2026 ποίημα.
981 1957 1193 2026 λέγεται
1233 1956 1323 2009 καὶ
1366 1958 1551 2020 ι’δικῶς
1583 1956 1814 2010 ἕκαστον

118 2037 344 2106 μέτρον,
391 2039 453 2092 τὸ
503 2039 836 2092 δακτυλικὸν
877 2038 907 2107 ἢ
950 2039 1175 2091 ἰωνικὸν
1214 2040 1247 2107 ἤ
1287 2059 1338 2091 τι
1378 2048 1488 2091 τῶν
1527 2039 1813 2091 τοιούτων.

121 2118 331 2187 λέγεται
378 2119 581 2188 μέτρον
627 2119 718 2172 καὶ
767 2120 794 2173 ὁ
843 2122 1060 2189 χρόνος·
1117 2120 1256 2172 ὅθεν
1312 2121 1580 2182 δάκτυλος
1627 2121 1812 2188 τετρά-

119 2203 313 2269 μετρός
353 2200 519 2269 ἐστιν,
561 2201 733 2254 οἱονεὶ
767 2203 1146 2271 τετράχρονος,
1179 2202 1267 2254 καὶ
1302 2201 1330 2254 ὁ
1363 2201 1596 2271 ἡρωϊκὸς
1630 2204 1813 2271 στίχος

119 2448 154 2492 L
239 2395 261 2434 1
290 2391 439 2494 {¹4on2g·
467 2395 538 2445 83,
558 2397 691 2447 lsqq.
725 2394 739 2447 ΙΙ
776 2395 801 2434 8
835 2392 976 2449 Long.
1005 2396 1073 2445 84,
1096 2398 1229 2448 lsqq.
1262 2394 1276 2448 ΙΙ
1314 2397 1365 2434 11
1401 2390 1568 2448 μέτρον
1600 2392 1810 2451 ἄριστον]

157 2463 261 2506 ong.
350 2486 360 2505 ,

239 2617 263 2654 2
298 2612 451 2663 ἄλλοις
481 2615 587 2669 post
617 2615 802 2664 πολλοῖς
827 2613 933 2656 add.
961 2612 1090 2657 Stud.
1117 2615 1131 2669 ΙΙ
1157 2618 1180 2656 6
1207 2614 1310 2668 περὶ
1338 2613 1454 2668 (alt.)
1480 2627 1566 2657 om.
1595 2615 1640 2658 R
1664 2613 1807 2669 (idem

120 2670 221 2715 cod.
246 2671 288 2713 V
320 2685 394 2728 ap.
420 2672 579 2728 Arist.)
629 2674 635 2727 Ι
694 2669 888 2727 ῥυθμῶν
921 2673 1076 2725 Arisiz„
1113 2674 1219 2727 περὶ
1252 2670 1446 2727 ῥυθμῶν
1481 2673 1589 2715 RK
1617 2673 1759 2730 Long.
1792 2674 1807 2731 η

121 2733 146 2772 9
177 2731 228 2774 τὸ
262 2730 421 2788 Long.,
452 2731 538 2774 An.
565 2731 738 2784 Ambr„
772 2745 859 2774 om.
888 2732 996 2775 RK
1021 2733 1036 2788 ΙΙ
1069 2732 1168 2786 9s10
1202 2730 1423 2787 μέδιμνον
1460 2732 1543 2787 ΚΗ
1571 2735 1624 2774 10
1656 2732 1806 2789 χοῖνιξ

119 2789 205 2832 An.
231 2790 388 2833 Ambr.
414 2795 588 2844 231‚15
623 2789 726 2848 (χόα
761 2790 903 2847 Long.
931 2795 1001 2844 82,
1021 2794 1078 2847 7),
1111 2789 1229 2843 λέξις
1262 2792 1314 2834 Κ
1343 2793 1388 2833 et
1421 2791 1524 2833 fort.
1553 2791 1597 2834 R
1635 2793 1648 2845 ΙΙ
1693 2796 1743 2834 17
1780 2789 1806 2846 ἢ

121 2860 207 2890 om.
227 2849 280 2892 K
300 2847 482 2905 (στίχος,
514 2851 569 2893 ut
600 2863 753 2905 saepe,
779 2852 850 2892 est
874 2863 987 2893 vers.
1012 2850 1193 2892 hexam.
1222 2850 1361 2893 datto
1386 2852 1400 2905 ΙΙ
1426 2854 1479 2892 ‘22
1505 2851 1612 2905 post
1636 2851 1807 2893 δακτυ-

119 2906 250 2951 λικὸν
281 2908 388 2951 add.
421 2908 562 2965 τυχὸν
596 2909 640 2954 R

1456 2982 1538 3024 12*
