2060 3168
239 174 345 226 338
809 175 1060 216 APPEND.
1094 174 1353 215 RHETOR.

238 310 287 362 3.

237 472 287 524 4.

195 656 213 688 5
241 634 289 686 5.

242 797 289 849 6.

243 961 289 1012 7.

175 1063 217 1094 10
243 1043 290 1093 8.

328 308 677 378 άμφίμακρος
717 307 774 360 ἐκ
806 316 1015 377 μακρᾶς
1038 354 1065 360 -
1091 305 1180 359 καὶ
1213 309 1470 376 βραχείας
1492 338 1522 360 υ
1545 306 1635 360 καὶ
1667 315 1877 378 μακρᾶς
1901 354 1931 360 -

386 390 773 459 πεντάχρονος,
814 381 935 442 οἷον
968 387 1243 456 “Ηγεμών·

328 470 677 540 ἀμφίβραχυς
730 470 788 522 ἐκ
837 472 1094 538 βραχείας
1131 500 1162 522 ο
1200 468 1291 521 καὶ
1341 477 1549 539 μακρᾶς
1589 517 1615 522 -
1655 468 1745 522 καὶ
1797 473 1932 539 βρα-

386 554 533 621 χείας
563 583 592 604 υ
623 552 1000 620 τετράχρονος,
1042 543 1165 603 οἷον
1190 549 1444 619 Ὄμηρος·

330 636 581 702 βακχεῖος
632 632 690 685 ἐκ
739 635 998 701 βραχείας
1036 662 1066 684 ο
1104 630 1195 684 καὶ
1251 633 1353 684 δύο
1405 641 1629 702 μακρῶν
1666 658 1697 676 z
1734 634 1934 686 πεντά-

389 735 604 785 χρονος,
645 706 767 766 οἷον
806 715 1073 780 Νοήμων·

329 796 753 864 παλιμβάκχειος
779 795 836 846 ἐκ
862 795 1215 862 δύομακρῶν
1235 819 1264 838 z
1287 793 1378 848 καὶ
1404 797 1660 864 βραχείας
1683 826 1713 847 υ
1735 795 1935 848 πεντά-

387 897 605 946 χρονος,
646 869 767 929 οἷον
793 874 1123 943 ’Ήφαιστος·

329 968 542 1028 χορεῖος
574 958 632 1010 ἐκ
663 967 833 1027 τριῶν
865 960 1137 1025 βραχειῶν
1162 954 1187 1018 ἔ
1213 958 1518 1026 τρίχρονος,
1552 950 1672 1010 οἷον
1705 959 1934 1019 Δόλιος·

330 1041 602 1109 μολοσσὸς
627 1039 684 1091 ἐκ
709 1048 879 1106 τριῶν
903 1049 1174 1108 μακρῶνΞ
1191 1038 1496 1107 ἑξάχρονος,
1527 1031 1647 1092 οἷον
1665 1038 1934 1108 Ἡρώδης.

354 1124 406 1174 οἱ
453 1122 906 1190 τετρασύλλαβοι·
957 1119 1140 1173 ἰστέον
1179 1121 1240 1172 δὲ
1281 1122 1364 1173 ὅτι
1403 1121 1621 1182 τούτοις
1661 1122 1713 1172 οἱ
1751 1140 1934 1189 μετρι-

241 1203 327 1255 κοὶ
367 1203 435 1255 οὐ
476 1212 732 1271 χρῶνται,
773 1200 900 1254 ἀλλ’
940 1202 992 1253 οἱ
1033 1202 1414 1268 καταλογάδην
1453 1202 1777 1269 γράψαντες,
1818 1209 1936 1269 Δη-

241 1283 543 1352 μοσθένης,
594 1286 645 1336 Γ
642 1286 902 1352 ρηγόριος
951 1283 978 1336 ὁ
1027 1285 1297 1350 θεολόγος
1350 1281 1440 1334 καὶ
1497 1283 1549 1334 οἱ
1605 1281 1788 1335 λοιποὶ
1839 1283 1937 1351 ῥή-

241 1383 416 1435 τορες·

175 1469 215 1501 15
245 1448 289 1498 1.

243 1611 290 1663 2.

242 1773 290 1825 3.

175 1876 217 1908 20

243 1935 291 1987 4.

244 2097 292 2149 ἶ).

177 2282 218 2313 25
246 2260 292 2312 6.

247 2422 292 2474 7.

246 2584 292 2635 8.

179 2686 221 2717 ao

329 1448 860 1515 προκελευσματικὸς
908 1445 965 1498 ἐκ
1004 1446 1286 1514 τεσσάρων
1326 1449 1597 1513 βραχειῶν
1627 1476 1657 1497 υ
1679 1476 1708 1497 υ
1731 1476 1762 1498 υ
1783 1476 1813 1498 ο
1850 1465 1935 1499 τε-

389 1529 707 1597 τράχρονος,
749 1520 870 1580 οἷον
910 1529 1241 1595 φιλόσοφος·

330 1613 509 1663 παίων
560 1619 775 1678 πρῶτος
827 1608 885 1662 ἐκ
936 1616 1144 1677 μακρᾶς
1177 1655 1203 1660 -
1237 1609 1326 1660 καὶ
1377 1617 1547 1677 τριῶν
1594 1613 1866 1677 βραχειῶν
1906 1606 1935 1670 ἕ

388 1693 775 1760 πεντάχρονος,
817 1683 938 1743 οἷον
978 1692 1342 1758 Στησίχορος·

330 1775 508 1825 παίων
549 1773 806 1839 δεύτερος
847 1771 906 1824 ἐκ
938 1773 1192 1840 βραχείας
1223 1803 1253 1823 υ
1284 1770 1374 1823 καὶ
1407 1779 1614 1838 μακρᾶς
1646 1818 1672 1823 -
1706 1770 1795 1823 καὶ
1828 1772 1934 1824 δύο

389 1857 661 1923 βραχειῶν
692 1876 722 1905 ez
752 1853 1139 1922 πεντάχρονος,
1181 1844 1302 1904 οἷον
1335 1850 1643 1920 Ὀνήσιμος·

331 1938 511 1987 παίων
557 1936 737 2004 τρίτος
785 1933 842 1986 ἐκ
895 1935 997 1986 δύο
1045 1937 1318 2002 βραχειῶν
1348 1956 1377 1985 es
1408 1934 1495 1985 καὶ
1544 1941 1753 2003 μακρᾶς
1783 1980 1809 1985 -
1842 1931 1935 1986 καὶ

391 2018 649 2085 βραχείας
679 2046 710 2068 υ
739 2016 1129 2084 πεντάχρονος,
1170 2008 1292 2067 οἷον
1335 2016 1672 2083 Φιλόδημος·

332 2099 510 2150 παίων
558 2097 813 2165 τέταρτος
861 2095 918 2148 ἐκ
959 2105 1127 2165 τριῶν
1175 2099 1448 2165 βραχειῶν
1480 2093 1504 2157 ἔ
1537 2094 1627 2148 καὶ
1667 2103 1875 2165 μακρᾶς
1905 2142 1933 2149 -

392 2179 776 2246 πεντάχρονος,
818 2170 939 2230 οἷον
973 2176 1272 2245 Ἐπιγένης.

335 2261 680 2321 δισπόνδειος
736 2258 793 2312 ἐκ
856 2259 1138 2326 τεσσάρων
1190 2267 1415 2328 μακρῶν
1452 2283 1481 2303 z
1519 2283 1549 2303 z
1588 2258 1935 2327 ὀκτάχρονος,

395 2333 516 2394 οἷον
548 2341 929 2407 (Ηρακλείδης

333 2424 641 2491 διτρόχαιος
682 2421 740 2474 ἐκ
772 2430 980 2490 μακρᾶς
1012 2469 1037 2474 -
1072 2420 1161 2474 καὶ
1201 2423 1457 2489 βραχείας
1488 2452 1516 2472 υ
1547 2422 1638 2473 καὶ
1670 2429 1878 2489 μακρᾶς
1904 2467 1932 2474 ..

391 2505 480 2555 καὶ
520 2504 776 2571 βραχείας
806 2533 836 2553 ο
870 2501 1176 2571 ἑξάχρονος,
1218 2494 1339 2554 οἷον
1381 2503 1771 2570 Παιδαγώρας·

335 2585 588 2651 διίαμβος
629 2583 686 2635 ἐκ
725 2586 980 2652 βραχείας
1010 2614 1039 2635 ο
1071 2582 1160 2636 καὶ
1200 2591 1408 2650 μακρᾶς
1438 2630 1464 2635 -
1497 2581 1587 2634 καὶ
1620 2584 1876 2650 βραχειάς
1902 2613 1933 2635 υ

395 2664 483 2717 καὶ
523 2673 731 2733 μακρᾶς
763 2711 787 2716 ,
823 2663 1130 2733 ἑξάχρονος,
1173 2657 1295 2717 οἷον
1334 2664 1649 2734 Ἀνακρέων.

367 2866 419 2903 27
448 2864 709 2917 διτροχαῖος
727 2862 875 2916 131128
900 2874 983 2916 pro
1003 2862 1319 2917 Παιδαγώρας
1341 2874 1470 2916 prop.
1491 2860 1713 2904 Hoerseh.
1732 2860 1858 2903 LdM
1875 2865 1930 2903 42

247 2918 558 2976 Παιδαγωγός
590 2920 713 2973 quod
746 2922 816 2963 est
848 2919 895 2961 in
930 2920 1027 2962 cod.
1056 2920 1188 2963 Laur.
1215 2920 1316 2962 LVI
1342 2925 1395 2963 16
