2090 3158
612 136 709 177 XV.
758 135 902 176 ΠΕΡΙ
932 135 1396 178 ΑΣΤΝΑΡΤΗΤΩΝ.
1779 136 1851 188 55

165 278 238 339 πῆ
281 267 340 323 δὲ
380 277 607 323 τοιαῦτα
646 266 810 340 (Eup.
836 266 932 339 38)

77 362 131 402 56
312 352 402 404 καὶ
443 350 813 420 ξυνεγιγόμην
851 350 933 404 ἀεὶ
972 360 1088 413 τοῖς
1127 350 1362 420 ἀγαθοῖς
1403 353 1720 420 φάγροισιν,

0 438 139 501 [105]
166 432 313 487 ὥσθ’
337 434 470 487 ὅλον
494 434 628 486 αὐτὸ
655 433 1015 502 χοριαμβικὸν
1039 431 1323 499 ἐπίμικτον
1347 432 1626 502 γενέσθαι,
1657 433 1854 500 ὅμοιον

166 515 582 586 Άνακρεοντείςο
622 515 758 586 τῷδε
796 511 1010 584 (Anacr.
1037 512 1132 585 22)

315 599 566 663 Σίμαλον
606 592 759 648 εἶδον
800 595 859 647 ἐν
898 603 1042 667 χορῷ
1075 594 1300 664 πηκτίδ’
1338 586 1531 664 ἔχοντα
1571 599 1760 666 καλήν,
1902 618 1920 650 5

165 687 238 748 πῆ
281 675 341 731 δὲ
380 677 470 731 καὶ
512 679 700 740 ἄλλοις
738 676 1002 747 ἐχρήσατο
1043 679 1170 730 λίαν
1210 676 1460 740 ἀτάκτοις
1501 680 1750 747 σχήμασι.

279 761 398 829 (23)
440 760 549 812 Καὶ
596 761 657 813 τὸ
707 758 774 811 ἐκ
818 767 945 811 τῶν
992 758 1519 811 ἀντισπαστικῶν
1559 756 1626 812 δὲ
1666 779 1856 812 κατα-

167 845 487 910 ληκτικῶν
551 839 872 910 διμέτρων
934 841 1352 909 ὃικατάληκτον,
1417 841 1443 893 ὃ
1512 841 1857 909 Φερεκράτης

0 927 139 990 [[106]
169 921 376 985 ἑνώσας
423 923 777 990 σύμπτυκτον
823 921 1164 974 ἀνάπαιστον
1210 926 1364 974 καλεῖ
1411 922 1471 975 ἐν
1513 930 1575 992 τῇ
1622 925 1856 990 Κοριαν-

7 996 14 1007 ‘
169 1013 259 1058 νοῖ
301 1002 421 1075 (79)

319 1087 518 1155 ἄνδρες
558 1087 821 1154 πρόσχετε
858 1085 957 1137 τὸν
996 1092 1136 1138 νοῦν
1177 1083 1494 1155 ἑξευρήματι
1534 1093 1705 1158 καινῷ

318 1167 689 1234 συμπτύκτοις
727 1165 1098 1229 ἀναπαίστοις.

281 1249 405 1318 (24)
435 1248 544 1300 Καὶ
568 1248 629 1301 τὸ
662 1246 729 1301 ἐκ
761 1257 886 1300 τῶν
920 1250 1241 1317 ιάμβικῶν
1275 1247 1746 1318 ἑφθημιμερῶν
1779 1249 1860 1301 ὀι-

170 1331 510 1399 κατάληκτον
551 1331 901 1399 Καλλίμαχος
940 1327 1129 1400 (epigr.
1156 1327 1317 1400 39,1)

320 1413 562 1479 Δήμητρι
600 1419 664 1481 τῇ
705 1413 908 1480 πυλαίῃ
948 1419 1011 1481 τῇ
1052 1419 1254 1464 τοῦτον
1294 1412 1396 1466 ὁύκ
1436 1415 1759 1479 Πελασγῶν,
1886 1432 1927 1464 15

174 1494 306 1561 ὅπερ
339 1491 635 1563 προέταξεν
668 1491 1058 1561 ἑπισυνθέτου,
1090 1501 1189 1546 τοῦ
1226 1492 1284 1545 ἐκ
1317 1495 1644 1561 δακτυλικῆς
1677 1511 1862 1561 τετρα-

171 1575 370 1637 ποδίας
408 1575 498 1627 καὶ
541 1576 935 1643 ἰθυφαλλικοῦ,
975 1576 1138 1628 τοῦδε
1178 1573 1282 1645 (ep.
1309 1573 1471 1645 392)

322 1654 588 1723 Ἀκρίσιος
613 1657 710 1708 τὸν
734 1656 874 1724 νηὸν
899 1655 1170 1725 ἐδείματο·
1203 1655 1379 1710 ταῦθ’
1402 1656 1431 1710 ὁ
1459 1657 1859 1725 Ναυκρατίτης.

286 1737 404 1805 (25)
447 1735 557 1789 Καὶ
591 1737 651 1789 τὸ
685 1735 745 1800 ἐξ
789 1739 1253 1806 ι’θυφαλλικῶν
1294 1739 1411 1792 δύο
1444 1739 1477 1806 ἡ
1513 1738 1729 1806 Σαπφὼ
1770 1755 1862 1789 πε-

173 1821 364 1887 ποίηκε
404 1817 524 1890 (84)

19 1907 146 1966 [107]
324 1903 490 1969 δεῦρο
532 1902 697 1970 ὃηῦτε
737 1903 952 1954 Μοῖσαι
991 1902 1230 1970 χρύσεον
1270 1905 1528 1954 λιποῖσαι.

88 1993 141 2034 57
287 1983 408 2051 (26)
440 1984 548 2035 Καὶ
580 1983 640 2036 τὸ
675 1982 741 2035 ἐκ
772 1986 1218 2052 χοριαμβικῶν
1253 1982 1722 2051 ἑφθημιμερῶν
1752 1991 1864 2034 τῶν

176 2065 252 2127 εἰς
268 2066 369 2133 τὴν
387 2066 647 2133 ἰαμβικὴν
671 2064 1015 2131 κατάκλειὸα,
1032 2065 1064 2133 ἡ
1083 2065 1219 2133 αὐτὴ
1243 2066 1499 2133 ποιήτρια
1518 2061 1740 2133 (Sapph.
1754 2060 1866 2133 99),

325 2147 478 2213 ὄλβιε
518 2145 744 2215 γαμβρέ,
785 2146 872 2198 σοὶ
913 2146 1014 2214 μὲν
1054 2147 1121 2214 δὴ
1162 2146 1349 2214 γάμος,
1390 2146 1462 2208 ὡς
1502 2147 1653 2213 ἄραο.

325 2225 672 2295 ἐκτετέλεστ’,
713 2225 837 2296 ἕχης
877 2227 937 2280 δὲ
975 2227 1278 2296 παρθένον,
1318 2227 1389 2280 ἂν
1428 2228 1587 2296 ἄραο·
1892 2247 1932 2278 25

1883 1025 1925 1056 10

1888 1840 1930 1871 20

298 2392 322 2431 9
357 2388 413 2431 cf.
447 2387 561 2430 Mar.
588 2387 706 2431 Plot.
725 2387 788 2429 VI
813 2392 913 2442 515,
933 2392 986 2431 ‘21

299 2541 323 2578 2
357 2534 690 2592 ξυνεγιγνόμην
722 2535 978 2590 Hermann,
1019 2535 1325 2592 ξυνεγινόμην
1356 2536 1423 2589 A,
1460 2522 1772 2590 ξυνεγὲνόμην
1798 2536 1832 2579 Ι
1855 2536 1868 2590 ΙΙ

181 2599 206 2636 3
240 2595 352 2639 αὐτὸ
387 2596 458 2649 Η,
492 2595 635 2639 αὐτὸν
667 2594 766 2639 rell.
814 2597 828 2651 ΙΙ
876 2600 901 2638 5
933 2592 1110 2639 πικτίδ’
1140 2597 1184 2640 Α
1231 2597 1244 2651 ΙΙ
1293 2599 1318 2638 6
1351 2594 1505 2644 ἄλλοις
1540 2594 1592 2648 C,
1634 2594 1683 2638 ἐν
1716 2593 1870 2645 ἄλλοις

182 2654 379 2698 APIH
402 2656 409 2711 Ι
438 2653 687 2712 ἐχρήσαντο
710 2655 755 2698 A
772 2656 785 2710 ΙΙ
803 2658 828 2696 8
855 2652 879 2698 ὃ
904 2653 1040 2707 Flor.,
1066 2653 1090 2698 ὁ
1113 2655 1244 2699 codd.
1271 2655 1285 2710 ΙΙ
1311 2658 1335 2696 9
1363 2654 1615 2709 σύμμικτον
1639 2655 1703 2709 ΙΙΙ
1730 2658 1781 2695 11
1810 2652 1866 2696 cf.

180 2726 225 2768 p.
253 2717 322 2767 32,
342 2718 418 2767 103
451 2713 507 2758 cf.
543 2714 602 2756 ad
634 2714 718 2756 hos
749 2726 908 2757 versus
941 2713 1127 2757 Crusius
1161 2714 1305 2756 MRh.
1331 2718 1402 2767 43,
1423 2717 1616 2768 197sqq.
1657 2715 1671 2768 ΙΙ
1712 2716 1765 2755 13
1799 2714 1869 2755 δι-

182 2772 469 2828 κατάληκτον
509 2772 842 2829 ἑφθημιμερῶν
882 2775 917 2817 Ι
962 2775 975 2829 ΙΙ
1032 2777 1086 2816 15
1125 2775 1233 2829 post
1271 2770 1464 2828 πυλαίηι
1503 2771 1552 2814 in
1592 2772 1637 2816 A
1678 2770 1868 2815 alterius

183 2843 340 2874 versus
373 2832 557 2889 signum
586 2834 591 2888 Ι
621 2832 706 2875 οὑκ
731 2833 795 2886 H,
829 2832 913 2876 οὐκ
938 2834 996 2885 A,
1030 2833 1115 2876 οὐκ
1148 2832 1198 2877 ἐκ
1224 2834 1253 2875 Ι
1273 2834 1287 2888 ΙΙ
1314 2836 1368 2875 24
1394 2830 1569 2888 γάμβρε
1593 2830 1654 2888 ΙΙ
1682 2830 1803 2885 ἄροιο
1829 2832 1868 2883 Ι,

185 2889 304 2944 ἀρᾶο
337 2892 381 2934 Α
413 2893 426 2946 Η
459 2896 514 2934 25
549 2891 654 2949 ἔχης
688 2892 786 2946 ΟΡ,
820 2891 943 2948 ἔχηις
974 2893 1033 2945 A,
1068 2891 1184 2948 ἔχεις
1215 2893 1249 2935 Ι
1280 2892 1286 2949 Ι
1322 2890 1503 2945 ἀνάραο
1537 2892 1577 2944 Ι,
1609 2890 1791 2944 ἁναρᾶο
1826 2890 1870 2933 A
