2090 3158
468 162 575 203 XVI
591 171 678 204 1-3
709 161 854 202 ΠΕΡΙ
884 160 1507 203 ΠΟΑΤΣΧΗΜΑΤΙΣΤΩΝ
1728 159 1833 213 163

253 294 339 361 56,
370 295 440 348 10
481 297 704 364 ἰαμβικῇ
735 303 800 364 τῇ
833 294 1085 366 δευτέρᾳε
1124 295 1562 364 ὑπερτιθεμένου
1595 297 1699 364 γὰρ
1732 303 1832 349 τοῦ

15 396 39 425 -c
141 383 236 443 τῆς
273 385 483 444 μακρᾶς
522 378 725 445 χρόνου
766 374 828 429 ἐν
866 382 943 447 τῷ
985 378 1217 449 ἰαμβικῷ
1257 379 1467 446 γίνεται
1506 378 1567 429 τὸ
1610 396 1832 445 χοριαμ-

0 469 29 534 J
141 458 301 525 βικὸν
348 466 538 526 σχῆμα.
625 457 653 510 6
703 458 807 526 γὰρ
857 458 1134 526 διίαμβος,
1188 458 1454 527 ὑπερθεὶς
1507 459 1608 525 τὴν
1657 457 1718 510 ἐν
1766 466 1831 528 τῇ

0 539 110 619 *6²¹3
142 538 371 610 δευτέρᾳ
410 542 655 609 συλλαβῇ
694 539 928 608 μακράν,
968 548 1115 592 ποιεῖ
1152 541 1213 593 τὸ
1254 541 1628 608 χοριαμβικόν.

250 621 338 689 56,
366 621 434 673 12
482 628 582 673 τοῦ
629 622 834 683 παντὸς
872 619 1099 690 μέτρου]
1137 619 1262 689 περὶ
1302 621 1476 674 αὐτοῦ
1515 628 1615 673 τοῦ
1656 624 1831 688 Πρια-
1878 640 1899 672 5

138 703 298 755 πείου
346 701 375 755 6
428 704 610 771 λόγος·
670 702 698 756 6
755 703 858 770 γὰρ
910 703 1325 770 προηγούμενος
1370 710 1469 755 τοῦ
1520 704 1831 771 Πριαπείου

141 783 291 837 ἐστὶν
336 783 728 851 ἀντίσπαστος,
779 783 838 845 ὃς
887 783 985 836 τὸν
1034 792 1256 853 πρῶτον
1302 783 1643 850 δισύλλαβον
1688 784 1832 836 πόδα

139 864 451 933 ἀδιάφορον
497 863 638 934 ἔχων
683 865 900 926 πάντως
938 866 1036 918 τὸν
1076 865 1337 932 δεύτερον
1376 873 1636 933 τροχαῖον
1675 866 1830 931 αἰτεῖ,

139 947 231 999 ἵνα
285 947 318 1015 ἡ
365 949 647 999 τελευταία
707 945 930 1014 γένηται
975 948 1227 1015 βραχεῖα·
1282 947 1450 999 πάλιν
1498 941 1602 998 οὖν
1651 947 1831 1014 μακρὰ

137 1027 404 1096 γενομένη
439 1028 470 1096 ἡ
503 1031 787 1081 τελευταιά
825 1027 914 1079 καὶ
955 1027 1230 1097 σπονδείῳ
1262 1029 1323 1080 τὸ
1357 1035 1534 1096 σχῆμα
1567 1027 1830 1080 τελέσασα
1855 1046 1898 1078 10

136 1109 197 1161 τὸ
238 1108 620 1178 ἀσυνάρτητον
658 1118 820 1162 ποιεῖ.

23 1193 108 1251 ,09]
245 1190 339 1258 56,
368 1191 431 1243 17
483 1192 562 1244 οὐ
610 1189 909 1259 βέβηλοςε
963 1189 1066 1259 [εἰς
1111 1191 1171 1243 τὸ
1213 1189 1280 1243 οὐ
1328 1189 1599 1258 βέβηλος]
1677 1186 1830 1242 ἔστιν

0 1287 22 1339 ε,
135 1281 356 1339 πρῶτον
387 1272 754 1334 ἀντίσπαστος
786 1272 892 1325 ἀπὸ
923 1273 1182 1340 τροχαίου
1217 1272 1533 1341 ἀρχόμενος,
1566 1271 1830 1339 δεύτερον

0 1332 21 1437 ἓ
135 1355 456 1422 χορίαμβος,
508 1357 699 1421 τρίτον
746 1352 1112 1416 ἀντίσπαστος
1159 1352 1263 1406 ἀπὸ
1302 1355 1562 1422 τροχαίου
1603 1351 1829 1421 ἀρχόμε-

7 1442 9 1444 “
135 1454 256 1499 νος,
319 1429 432 1487 εἶτα
494 1435 750 1504 τέταρτος
811 1435 1180 1497 ἀντίσπαστος
1239 1434 1630 1502 καταληκτικὸς
1682 1434 1830 1502 παρὰ
1854 1454 1894 1486 15

136 1517 420 1584 συλλαβὴν
467 1517 736 1568 ονύσου·
782 1517 842 1568 τὸ
892 1512 952 1568 δὲ
1007 1515 1181 1583 κάγὼ
1230 1517 1521 1578 σπονδεῖός
1570 1513 1709 1567 ἐστιε
1758 1545 1827 1552 —-—

135 1595 272 1648 K²I
277 1598 351 1650 M

0 1671 108 1746 210]
246 1678 332 1746 56,
358 1679 430 1731 20
470 1680 558 1732 καὶ
600 1678 685 1732 ἐπὶ
727 1688 838 1732 τῶν
870 1681 923 1731 Γ
917 1681 1257 1732 λυκωνείων;
1298 1680 1358 1732 τὸ
1398 1679 1652 1742 καθαρὸν
1687 1680 1739 1730 Γ
1735 1682 1828 1730 λυ-

135 1759 368 1812 κώνειον
393 1760 824 1814 ἀντισπαστικόν
848 1758 964 1812 ἐστι
990 1762 1250 1829 δίμετρον
1274 1760 1665 1828 ἀκατάληκτον,
1699 1762 1827 1828 ἔχον

137 1841 396 1909 ἰαμβικὴν
434 1844 535 1910 τὴν
575 1842 841 1910 δευτέραν
878 1844 1160 1910 συζυγίαν,
1201 1835 1323 1894 οἷον
1851 1861 1894 1893 20

0 1926 14 1982 ἕ
209 1939 417 2006 κάπρος
457 1936 596 2007 ἡνίχ’
638 1938 666 1990 6
705 1940 970 2007 μαινόλης
1013 1936 1124 2008 (33,
1154 1936 1261 2008 11).

245 2033 331 2102 56,
356 2034 426 2086 22
463 2036 623 2087 καλὰ
663 2034 885 2103 γέρεια
925 2033 1255 2102 εἰσομέναε
1295 2033 1324 2087 6
1357 2042 1573 2101 πρῶτος
1605 2031 1825 2086 λέλυται

134 2115 211 2177 εἰς
249 2116 346 2168 τὸν
385 2118 690 2185 τρίβραχυν
730 2114 818 2168 καὶ
860 2112 1013 2167 ἔστιν
1046 2116 1077 2184 ἡ
1112 2117 1342 2184 συζυγία
1381 2116 1542 2167 καλὰ
1582 2114 1825 2183 γε’ρεια·

134 2192 249 2248 εἶτα
311 2196 618 2263 εἰσομένα
682 2196 978 2264 ὑπερθέσει
1034 2205 1128 2264 τῆς
1189 2195 1250 2250 ἐν
1303 2203 1378 2269 τῷ
1436 2198 1672 2267 ἰαμβικῷ
1726 2215 1824 2262 μα-

134 2285 265 2346 κρᾶς
313 2280 390 2341 εἰς
428 2280 488 2331 τὸ
536 2280 896 2347 χοριαμβικὸν
936 2286 1133 2347 σχῆμα·
1184 2279 1271 2331 διὸ
1319 2276 1511 2346 γέγονε
1550 2281 1822 2345 πολυσχη-
1849 2298 1889 2331 25

133 2359 415 2424 μάτιστον·
456 2360 544 2412 καὶ
587 2361 651 2412 τὰ
691 2358 810 2427 ἑξῆς
850 2356 909 2412 δὲ
950 2359 1221 2422 ὡσαύτως.
1262 2391 1330 2396 -

252 2562 276 2598 2
309 2556 360 2599 τὸ
401 2571 487 2600 om.
526 2558 587 2601 Μ
635 2559 648 2612 ΙΙ
704 2562 818 2599 3-4
858 2564 912 2614 τῇ
947 2559 1106 2615 πρώτῃ
1139 2558 1268 2618 χώρα
1300 2556 1528 2613 συλλαβὴν
1562 2555 1620 2597 W
1623 2556 1773 2611 estph.
1809 2559 1822 2611 ΙΙ

135 2619 189 2657 10
222 2614 450 2673 σπονδείῳ
484 2615 637 2669 Turn„
671 2618 852 2671 σπουδὴ
886 2617 918 2659 Ι
926 2617 984 2660 M
1027 2619 1042 2671 ΙΙ
1084 2622 1134 2659 11
1169 2616 1252 2659 τὸν
1285 2616 1352 2670 (τὸ
1388 2617 1467 2669 M)
1501 2614 1822 2681 ἀσυνάρτητον

134 2675 243 2726 ΙΜ,
273 2675 325 2718 τὸ
331 2651 787 2758 πολυσχηματιστον
812 2675 952 2719 Pauw
969 2678 982 2731 ΙΙ
1002 2682 1054 2718 13
1083 2675 1106 2719 ὁ
1131 2683 1312 2731 πρῶτος
1342 2675 1460 2723 ποὺς
1487 2677 1534 2716 et
1559 2683 1582 2717 ο
1608 2674 1823 2729 δεύτερος

134 2734 180 2775 ot
211 2733 236 2776 6
268 2731 420 2788 τρίτος
451 2735 503 2777 K
575 2736 589 2789 Η
639 2739 692 2778 15
726 2731 844 2792 εἶτα]
879 2734 902 2778 6
935 2734 986 2778 δὲ
1021 2734 1099 2777 K²
1144 2737 1158 2790 ΙΙ
1203 2739 1315 2778 15-
1323 2739 1375 2776 16
1409 2733 1743 2788 καταληκτικὸς
1774 2736 1821 2777 et

134 2805 304 2836 ονυσου
328 2806 415 2836 om.
435 2793 515 2837 K²
539 2796 553 2848 Η
580 2798 634 2836 16
660 2807 777 2837 σποι
781 2791 905 2843 δεῖός
930 2794 1043 2851 ἐστι]
1067 2801 1284 2866 τροχαῖος
1304 2792 1378 2835 K²
1402 2795 1415 2847 ΙΙ
1441 2797 1496 2835 23
1522 2792 1603 2835 τὸν
1628 2806 1716 2835 om.
1734 2793 1815 2835 M
1812 2814 1815 2848 ς

133 2850 378 2952 noel-agga&
410 2853 470 2954 111⁴
451 2853 511 2895 Μ
546 2855 559 2907 ΙΙ
599 2858 655 2895 ’4
689 2851 935 2907 ὑπερθέσει
970 2851 1114 2905 Caesa„
1145 2851 1352 2906 ὕπερθεν
1379 2854 1411 2895 I
1417 2853 1486 2904 M
1523 2851 1820 2908 ὑπερτιθεμέ-

135 2925 216 2965 νης
305 2913 407 2967 estp

1466 2984 1550 3026 11*
