2060 3168
0 0 46 246 y
564 131 628 171 w
665 130 810 171 ΠΕΡΙ
839 131 1342 174 ΑΝΤΙΣΠΑΣΤΙΚΟΤ
1691 132 1797 185 387

0 250 14 320 [ἶ
113 258 434 317 ἀκατάληκτον
466 260 517 306 δὲ
548 261 599 306 τὸ
631 262 797 306 τούτου
829 261 1082 315 πλεονάζον
1115 267 1197 324 μιᾷ
1229 265 1428 322 συλλαβῇ
1462 264 1524 315 ὡς
1554 265 1605 309 τὸ

0 339 11 373 ς
379 334 472 371 σεῖο
506 325 552 371 δ’
581 328 695 373 α”νευ
728 329 842 385 μηδὲ
872 335 1026 380 πνοᾶς
1057 328 1222 386 μέτρον
1255 330 1403 388 ἔχοιμι
1435 332 1588 393 βιοτᾷ·

0 383 15 431 ἰ
111 393 518 450 ὑπερκατάληκτον
550 394 602 440 δὲ
635 392 738 440 οἷον
769 395 820 439 τὸ

0 434 14 511 ξ’
379 461 494 504 ἀλλά
526 477 576 518 γε
606 461 686 506 καὶ
717 459 973 518 ἠρεμόωντ’
993 461 1189 519 ἀτρεμέη
1214 461 1295 507 καί
1317 478 1365 507 τε
1389 462 1730 510 καθυπνεῦντ’.

0 521 14 570 ζ
231 527 325 570 Καὶ
355 527 712 583 πεντάμετρα
744 526 798 572 δέ
828 528 945 574 εἰσιν
978 527 1148 585 ὁμοίως
1178 529 1498 586 ἀκατάληκτα,
1536 530 1798 587 ὑπερκατά-
1845 544 1864 576 5

33 592 78 648 4)
109 595 251 649 ληκτα
290 594 371 637 καὶ
410 594 745 651 καταληκτικά,
785 593 815 638 ἃ
854 595 1167 651 καταληκτικὰ
1213 596 1294 640 καὶ
1333 595 1357 640 ὁ
1396 596 1591 653 ποιητὴς
1630 596 1797 642 Καλλί-

110 676 256 717 μαχος
294 660 345 705 ἐν
385 659 651 715 ὁλοκλήροις
695 662 921 717 ποιήμασι
962 660 1136 719 τίθησι.
1200 663 1294 706 Καὶ
1332 662 1390 706 τὰ
1430 662 1705 720 ἑξάμετρα
1745 664 1797 708 δὲ

108 726 444 784 καταληκτικά,
484 728 526 773 εἰ
563 728 644 772 καὶ
682 726 942 785 ὑπέρμετρα
983 727 1224 785 φαίνεται,
1263 726 1363 773 ἀλλ’
1393 727 1514 786 ὅμως
1554 729 1798 786 ἐπετηδεύ-

110 808 221 838 σατο
259 801 406 838 ταῦτα
447 792 472 838 ὅ
510 810 558 839 τε
591 798 882 850 Κερκυραῖος
922 794 1127 849 Φίλικος,
1168 792 1234 846 εἷς
1270 803 1352 852 τῆς
1390 795 1465 839 ἐπὶ
1504 794 1797 853 Πτολεμαίου

109 860 362 915 Πλειάδος,
400 861 482 905 καὶ
515 860 538 905 ὁ
564 859 744 912 Ῥόδιος
774 859 978 918 Σιμμίας
1017 861 1066 907 ἔν
1104 878 1152 907 τε
1187 865 1250 921 τῷ
1282 860 1472 907 Πελέκει
1503 862 1584 906 καὶ
1618 862 1666 907 ἐν
1696 870 1800 915 ταῖς
1823 877 1865 908 10

108 926 331 983 Πτέρυξι·
368 927 625 984 ποιημάτια
658 926 711 972 δέ
741 927 828 972 εἰσι
858 935 1005 972 ταῦτα
1036 925 1150 984 παρ’
1181 927 1352 988 ἐκείνῳ.
1388 956 1439 961 -
1474 929 1570 973 Καὶ
1599 937 1682 974 τοῦ
1715 930 1798 986 μὲν

108 997 327 1051 καθαροῦ
359 996 665 1054 χοριαμβικοῦ
696 992 1053 1052 παραδείγματα
1083 1002 1231 1039 ταῦτα
1261 994 1320 1039 τὰ
1351 992 1571 1052 ῥηθέντα.

228 1128 368 1183 Περὶ
405 1134 504 1172 τοῦ
546 1126 845 1184 ἐπιμίκτου
884 1130 1276 1186 χοριαμβικοῦ.
1345 1132 1438 1173 Τοῦ
1479 1125 1527 1172 δ’
1557 1128 1795 1187 ἐπιμιγνυ-

108 1194 250 1251 μένου
280 1202 379 1245 τοῖς
418 1194 622 1253 ἰάμβοις,
666 1201 749 1238 τοῦ
782 1195 864 1250 μὲν
897 1194 963 1246 εἰς
993 1193 1295 1254 ἀμφίβραχυν
1327 1195 1547 1252 λήγοντος
1578 1194 1796 1251 διμέτρου

107 1264 447 1318 καταληκτικοῦ
479 1261 776 1318 παράδειγμα
809 1262 860 1305 τὸ
1821 1274 1863 1307 15

377 1327 606 1373 εὐδιόωσα
637 1327 830 1382 πόντον,

105 1401 190 1439 τοῦ
222 1395 274 1440 δὲ
306 1395 372 1447 εἰς
403 1396 623 1453 βακχεῖον
656 1395 709 1438 τὸ

376 1460 604 1507 εὐδιόωσα
636 1459 857 1513 πόντους·

106 1527 428 1583 ἀκαταλήκτου
460 1528 512 1572 δὲ
545 1527 763 1585 διμέτρου
796 1526 1037 1585 ἐπιμίκτου
1068 1528 1367 1585 παράδειγμα

374 1594 587 1651 ἠπιόωσα
618 1593 876 1654 προσπόλῳ.
1820 1608 1863 1639 20

111 1666 270 1707 Ταῦτα
310 1663 360 1706 δὲ
400 1661 458 1706 τὰ
497 1661 584 1705 δύο
625 1661 727 1718 εἴδη
765 1667 847 1706 τοῦ
888 1659 1128 1718 ἐπιμίκτου
1169 1661 1384 1717 διμέτρου
1419 1658 1676 1717 Ἀνακρέων
1715 1662 1795 1705 καὶ

100 1726 436 1785 Ἀριστοφάνης
468 1728 517 1773 έν
548 1735 647 1779 τοῖς
677 1727 872 1784 μάλιστα
904 1727 1267 1784 ἐπιτηδεύουσιν.

847 1890 956 1947 Cap.
982 1890 1058 1934 VI.

576 1979 638 2028 ς’.
680 1981 823 2035 Περὶ
854 1980 1319 2024 ἀντισπαστικοῦ.

10 2111 15 2113 ,
223 2068 360 2113 Μετὰ
398 2069 449 2114 τὸ
492 2069 599 2123 περὶ
637 2076 720 2112 τοῦ
761 2070 1066 2127 χοριαμβικοῦ
1114 2066 1280 2125 μέτρου
1320 2069 1563 2126 διαλαβεῖν
1609 2067 1793 2125 μέτιμεν
1818 2080 1860 2114 85

29 2137 72 2193 5)
106 2135 209 2192 ἑξῆς
241 2135 316 2179 ἐπὶ
346 2135 398 2180 τὸ
432 2135 792 2196 ἀντισπαστικὸν
825 2134 1035 2192 εὐλόγως,
1070 2133 1139 2178 ὅτι
1170 2141 1388 2179 κοινωνεῖ
1415 2134 1534 2178 κατὰ
1565 2134 1711 2179 πολλὰ
1740 2135 1791 2179 τὸ

104 2202 464 2247 ἀντισπαστικὸν
496 2201 660 2259 μέτρον
692 2205 754 2259 τῷ
786 2203 1086 2260 χοριαμβικῷ,
1118 2209 1300 2257 πρῶτον
1325 2199 1421 2257 μέν,
1456 2198 1523 2244 ὄτι
1548 2201 1626 2244 καὶ
1652 2201 1791 2258 ἄμφω

103 2268 161 2312 τὰ
193 2267 334 2326 μέτρα
366 2269 442 2314 ἐπὶ
473 2267 588 2313 τέλει
618 2269 701 2313 τὸν
727 2267 896 2326 ἴαμβον
926 2267 1373 2326 παραλαμβάνουσιν
1398 2267 1459 2318 ὡς
1489 2269 1791 2312 κατακλεῖδα·

10 2372 13 2374 .
105 2335 262 2380 ἔπειτα
302 2335 353 2379 δὲ
395 2332 453 2379 ἂν
492 2335 579 2379 δύο
622 2334 849 2392 συλλαβὰς
878 2341 960 2378 τοῦ
1003 2335 1308 2394 χοριαμβικοῡ
1341 2332 1507 2389 μέτρου
1541 2333 1792 2390 ἀφαιρήσει

0 2397 9 2582 Ι
101 2419 192 2457 τις,
235 2401 597 2446 ἀντισπαστικὸν
639 2408 773 2445 τοῦτο
807 2399 1069 2445 ἀποτελέσει
1101 2401 1180 2445 καὶ
1213 2401 1294 2445 ἐὰν
1327 2399 1420 2444 ἀπὸ
1451 2407 1534 2443 τοῦ
1567 2400 1791 2444 ἀντισπα-
1815 2413 1858 2444 80

0 2593 11 2863 ξ’

104 2617 134 2659 d
190 2617 198 2625 ⁸
222 2561 395 2660 21t-22
423 2553 603 2611 Ἀνακρ.
629 2574 670 2600 κ.
694 2553 802 2614 Ἀρ.]
830 2570 884 2599 ex
915 2555 1066 2613 Heph.
1093 2560 1163 2610 29,
1185 2559 1237 2598 17
1263 2557 1310 2599 et
1342 2559 1412 2608 30,
1433 2559 1453 2597 1
1489 2554 1791 2612 neglegenter

136 2629 262 2661 enva.
288 2630 314 2660 a,

220 2770 247 2806 4
281 2763 509 2819 ἀτρεμέως
542 2764 595 2807 Κ
617 2766 624 2821 Ι
651 2767 929 2808 καθυπνεῦν
962 2763 1075 2817 KP,
1118 2763 1167 2805 in
1197 2777 1289 2819 mg.
1324 2763 1370 2806 P
1395 2767 1603 2806 πνεῦντα
1625 2763 1640 2818 ΙΙ
1665 2765 1690 2804 9
1723 2758 1790 2812 εἷς

102 2822 268 2879 Heph.‚
301 2821 351 2873 ὃς
384 2824 488 2867 PK
507 2825 521 2878 ΙΙ
548 2828 600 2866 15
632 2821 948 2880 παράδειγμα]
981 2820 1335 2879 παραδείγματα
1367 2821 1412 2864 Ρ
1441 2822 1456 2876 ΙΙ
1491 2825 1546 2863 29
1580 2818 1638 2863 ἂν
1670 2821 1787 2874 ΡΚ,

0 2914 17 3168 ι
104 2879 172 2926 ’ὄτι
205 2881 286 2927 ἐὰν
316 2882 442 2939 Jung
469 2882 476 2940 Ι
503 2881 742 2940 ἀφαιρήσῃ
776 2883 883 2926 PK

1431 2954 1520 2996 25*
