2060 3168
717 148 740 188 1
770 147 915 188 ΠΕΡΙ
944 146 1245 189 IAMBIKOT
1725 143 1830 196 367

139 282 481 336 παρειλῆφθαι.
547 277 597 324 Ὁ
635 279 913 330 δάκτυλος
951 278 1002 324 δὲ
1042 278 1092 323 ἐκ
1133 287 1314 336 μακρᾶς
1358 281 1438 324 καὶ
1478 279 1563 323 δύο
1605 280 1833 336 βραχειῶν

0 323 10 402 ,Γ
84 351 104 384 ’-
142 343 244 391 οἷον
276 346 478 404 σύλλογε,
510 345 735 405 λάμβανε·
771 343 826 390 ὃν
859 345 904 390 οἱ
936 345 1019 402 μὲν
1051 346 1146 390 ἀπὸ
1173 351 1255 402 τῆς
1280 346 1328 390 ἐν
1352 354 1455 397 ταῖς
1485 347 1678 405 χορδαῖς
1707 360 1832 401 γινο-

41 881 115 937 57)

141 411 282 471 μένης
312 421 405 457 τῶν
437 413 677 458 δακτύλων
709 411 931 467 κινήσεως
963 410 1108 464 οὕτως
1140 410 1466 469 ὀνομασθῆναί
1498 426 1665 469 φασιν,
1705 410 1750 454 οἱ
1782 409 1834 454 δὲ

140 481 235 524 ἀπὸ
269 487 537 536 μεταφορᾶς
567 487 659 524 τῶν
691 478 923 536 ἡμετέρων
956 479 1212 532 δακτύλων,
1248 478 1294 522 οἳ
1324 479 1376 524 τὸ
1408 477 1490 536 μὲν
1522 485 1707 533 πρῶτον
1739 477 1832 521 ἀπὸ

140 554 221 591 τοῦ
261 554 446 603 καρποῦ
488 547 656 591 ὀστοῦν
689 546 1107 603 ἐκτεταμενώτερον
1139 546 1220 589 καὶ
1252 543 1537 602 μακρότερον
1571 545 1745 602 ἔχουσι,
1775 543 1833 587 τὰ
1880 562 1901 594 5

140 612 192 657 δὲ
234 612 400 668 ἐφεξῆς
437 612 523 656 δύο
565 611 826 671 βραχύτερα
865 612 946 655 καὶ
985 613 1455 668 συνεσταλμενώτερα.
1513 610 1564 656 Ὁ
1603 610 1654 656 δὲ
1695 610 1832 654 ἀνά-

138 694 400 733 παιστος,
440 677 494 722 ὄν
533 694 656 729 τινες
694 679 774 722 καὶ
813 678 1152 723 ἀντιδάκτυλον
1191 681 1384 722 καλοῦσι
1415 678 1496 722 διὰ
1527 679 1579 722 τὸ
1613 675 1835 726 ἐναντίως

141 746 263 805 ἔχειν
302 749 365 805 τῷ
405 745 638 805 δακτύλῳ,
679 745 729 790 ἐκ
761 745 847 789 δύο
880 746 1109 803 βραχειῶν
1141 746 1221 788 καὶ
1253 753 1433 801 μακρᾶς
1465 745 1698 802 σύγκειται
1731 741 1833 787 οἷον

139 813 320 870 λεγεών.

260 878 319 923 Αἱ
351 879 435 935 μὲν
467 875 553 923 οὖν
584 879 795 934 περιτταὶ
825 879 971 936 χώραι
1001 885 1084 923 τοῦ
1119 879 1338 937 ἰαμβικοῦ
1371 878 1560 935 μέτρου,
1593 879 1654 928 ὡς
1685 876 1833 934 ἐλέγο-
1859 895 1902 927 10

140 963 246 1003 μεν,
284 946 478 996 τούτους
516 944 733 1003 δέχονται
771 945 880 995 τοὺς
917 944 1054 990 πέντε
1084 944 1256 996 πόδας·
1300 945 1350 989 αἱ
1382 943 1429 989 δ’
1459 946 1632 1000 ἄρτιοι,
1673 942 1773 989 οἷον
1804 944 1832 1000 ἡ

140 1011 335 1068 δευτέρα
367 1013 448 1056 καὶ
470 1012 499 1068 ἡ
525 1011 730 1068 τετάρτη,
765 1011 814 1056 ἐκ
846 1019 937 1056 τῶν
969 1011 1224 1068 εἰρημένων
1255 1011 1393 1057 πέντε
1423 1014 1584 1056 ποδῶν
1610 1012 1717 1062 τοὺς
1740 1012 1834 1055 ἀπὸ

141 1076 362 1137 βραχείας
393 1078 680 1136 ἀρχομένους
711 1077 883 1135 μόνους
915 1077 1153 1136 δέχονται,
1187 1078 1357 1137 ἴαμβόν
1389 1096 1508 1136 φημι
1539 1079 1621 1123 τὸν
1656 1079 1833 1135 ὁμωνυ-

140 1152 318 1202 μοῦντα
350 1149 411 1203 τῷ
443 1144 590 1204 μέτρῳ
623 1146 702 1189 καὶ
733 1153 941 1203 χορεῖον,
983 1146 1114 1201 παρὰ
1146 1145 1198 1191 δὲ
1227 1153 1325 1196 τοῖς
1355 1153 1576 1202 κωμικοῖς
1607 1147 1687 1189 καὶ
1718 1145 1834 1189 ἀνά-

139 1227 356 1256 παιστον·
398 1211 426 1268 ἡ
470 1212 520 1257 δὲ
563 1211 667 1269 ἕκτη
708 1211 879 1270 ἴαμβον
911 1209 940 1268 ἢ
971 1211 1241 1270 πυρρίχιον,
1284 1210 1333 1263 ὅς
1364 1213 1487 1257 ἐστιν
1521 1213 1570 1256 ἐκ
1603 1213 1688 1258 δύο
1722 1213 1834 1270 βρα-
1859 1227 1901 1260 15

139 1287 300 1338 χειῶν,
341 1276 443 1323 οἶον
482 1277 630 1335 λόγος.
694 1277 1008 1337 Πυρρίχιος
1047 1278 1098 1324 δὲ
1131 1279 1305 1336 ἐκλήθη
1339 1279 1419 1324 διὰ
1451 1280 1501 1323 τὸ
1535 1279 1834 1335 ἐφηρμόσθαι

140 1346 335 1404 μάλιστα
367 1353 421 1404 τῇ
455 1344 664 1405 συντόμῳ
696 1345 876 1400 κινήσει
905 1351 987 1402 τῆς
1018 1346 1262 1404 ὀρχήσεως,
1289 1345 1349 1402 ἣν
1374 1344 1604 1404 πυρρίχην
1628 1348 1835 1400 καλοῦσι,

141 1413 372 1470 σύντομον
398 1411 511 1457 ὄντα
544 1413 624 1456 καὶ
657 1412 801 1457 αὐτὸν
833 1413 914 1456 καὶ
946 1413 1237 1472 βραχύτατον
1263 1412 1292 1469 ἢ
1318 1412 1398 1457 διὰ
1422 1413 1474 1457 τὸ
1508 1413 1629 1471 ἔχειν
1661 1412 1834 1471 βραχύ-

139 1496 282 1524 τατον
322 1479 403 1523 τὸν
450 1477 622 1539 χρόνον
661 1486 753 1523 τῶν
791 1482 966 1523 λοιπῶν
1010 1479 1297 1538 δισυλλάβων
1336 1481 1516 1524 ποδῶν·
1566 1478 1708 1535 μόνος
1745 1478 1832 1537 γὰρ

141 1542 278 1598 οὗτος
310 1544 528 1605 δίχρονός
561 1546 668 1591 ἐστι.
731 1544 912 1605 δέχεται
946 1545 997 1592 δὲ
1020 1546 1102 1591 τὸν
1135 1544 1382 1605 πυρρίχιον
1408 1546 1484 1590 ἐπὶ
1506 1544 1622 1590 τέλει
1652 1545 1704 1589 τὸ
1730 1546 1833 1602 ἰαμ-
1859 1561 1901 1592 20

141 1613 276 1671 βικὸν
308 1611 473 1669 μέτρον
506 1612 586 1656 διὰ
618 1612 668 1656 τὸ
702 1612 971 1669 ἀδιάφορον
1005 1609 1126 1658 εἶναι
1165 1613 1341 1665 παντὸς
1372 1612 1538 1669 μέτρου
1569 1612 1654 1669 τὴν
1685 1615 1834 1657 τελευ-

139 1676 280 1724 ταίαν
320 1678 572 1738 συλλαβήν,
615 1678 822 1723 τουτέστι
861 1679 1047 1737 μακρὰν
1087 1678 1114 1736 ἢ
1155 1682 1394 1738 βραχεῖαν.
1464 1680 1544 1723 καὶ
1585 1676 1835 1736 σημείωσαι

138 1753 275 1790 τοῦτο
309 1747 386 1792 ἐπὶ
416 1746 619 1791 πάντων.

263 1813 458 1863 Τούτοις
501 1820 616 1857 πᾶσι
655 1820 753 1863 τοῖς
795 1814 905 1857 ποσὶ
945 1812 990 1857 οἱ
1028 1814 1220 1857 παλαιοὶ
1259 1811 1507 1871 κέχρηνται
1548 1811 1832 1870 ἰαμβοποιοί,

139 1881 219 1924 καὶ
258 1880 466 1938 λάμβανε
505 1877 863 1937 παραδείγματα
903 1880 953 1925 ἔκ
991 1896 1038 1923 τε
1069 1887 1162 1925 τῶν
1195 1878 1460 1935 Εὐριπίδου
1491 1880 1572 1923 καὶ
1602 1879 1834 1937 Αἰσχύλου
1860 1892 1901 1925 25

139 1947 220 1991 καὶ
250 1945 604 2003 Ἀριστοφάνους
642 1946 892 2003 δραμάτων
935 1947 1014 1990 καὶ
1052 1954 1145 1991 τῶν
1184 1949 1357 1990 λοιπῶν
1396 1953 1628 2002 τραγικῶν
1667 1962 1715 1990 τε
1755 1947 1835 1990 καὶ

139 2021 367 2070 κωμικῶν.
426 2011 613 2070 Ἡμεῖς
653 2012 703 2058 δὲ
744 2015 794 2058 ὲν
835 2012 920 2070 μὲν
951 2021 1054 2065 ταῖς
1084 2020 1320 2068 περιτταῖς
1351 2013 1522 2071 χώραις
1554 2011 1724 2071 ἴαμβον
1755 2014 1835 2056 καὶ

141 2083 405 2133 σπονδεῖον,
439 2079 488 2124 ἐν
522 2079 572 2125 δὲ
605 2087 707 2130 ταῖς
738 2077 917 2136 ἀρτίοις
948 2079 1119 2138 ἴαμβον
1151 2078 1296 2137 μόνον
1329 2077 1580 2137 δεχόμεθα,
1613 2078 1663 2122 ἐν
1696 2078 1748 2124 δὲ
1778 2086 1832 2137 τῇ

141 2145 247 2205 ἕκτῃ
280 2146 450 2204 ἴαμβον
482 2144 510 2202 ἢ
543 2144 805 2204 πυρρίχιον.
870 2147 964 2190 Καὶ
1004 2146 1142 2204 δέχου
1182 2146 1239 2190 τὰ
1270 2142 1629 2203 παραδείγματα
1662 2146 1710 2191 ἐκ
1741 2153 1834 2190 τῶν

140 2211 459 2269 προκειμένων
492 2211 685 2270 ἰάμβων.
1854 2226 1896 2257 3ο

250 2275 380 2322 Ἔστι
427 2278 479 2323 δὲ
525 2286 607 2323 τοῦ
648 2279 868 2337 ἰαμβικοῦ
907 2278 1075 2335 μέτρου
1123 2278 1620 2335 περιφανέστατον
1659 2278 1744 2334 μὲν
1782 2279 1834 2323 τὸ

141 2345 464 2402 ἀκατάληκτον
494 2343 757 2402 τρίμετρον·
791 2344 1031 2403 τρίμετρον
1064 2345 1115 2390 δὲ
1148 2345 1326 2402 λέγεται
1357 2345 1408 2389 τὸ
1442 2344 1487 2397 ἓξ
1521 2345 1627 2402 ἔχον
1659 2344 1836 2395 ἁπλοῦς

141 2411 295 2464 πόδας
335 2412 553 2469 ἰαμβικὸν
593 2410 671 2456 οἶά
713 2413 799 2457 εἰσι
838 2412 895 2456 τὰ
935 2410 1232 2469 προκείμενα.
1296 2414 1503 2455 καλεῖται
1535 2410 1586 2455 δὲ
1618 2409 1835 2467 τρίμετρα

262 2550 287 2588 2
322 2545 415 2589 ἀπὸ
448 2562 484 2588 τ.
512 2545 561 2589 ἐν
594 2563 629 2589 τ.
656 2563 695 2602 χ.
723 2564 761 2603 γ.
788 2563 825 2590 τ.
853 2549 892 2591 δ.
920 2564 960 2590 κ.
988 2545 1148 2590 Choer.
1176 2550 1276 2598 215,
1297 2549 1350 2587 10
1375 2547 1389 2601 ΙΙ
1413 2550 1440 2587 4
1474 2544 1644 2587 schol}³
1665 2544 1834 2601 (lib.V)

141 2619 185 2660 p.
215 2608 314 2656 301,
337 2611 357 2648 1
383 2607 398 2660 ΙΙ
424 2608 447 2646 7
481 2604 818 2649 ἀντιδάκτυλον
852 2604 1043 2649 Choer.K
1069 2610 1168 2659 215,
1189 2610 1242 2648 15
1267 2607 1281 2661 ΙΙ
1308 2609 1361 2646 16
1394 2602 1529 2660 λόγος
1561 2617 1665 2660 app.
1701 2603 1833 2647 Dion.

141 2678 185 2719 p.
207 2668 372 2717 307,11
399 2666 413 2719 ΙΙ
438 2668 611 2707 27—29
639 2663 694 2707 cf.
722 2666 858 2708 tract.
884 2665 932 2708 in
958 2664 1183 2708 cod.Ven.
1203 2664 1344 2707 Marc.
1364 2667 1449 2706 483
1468 2662 1542 2719 (K)
1560 2662 1651 2706 AV
1674 2678 1716 2719 p.
1737 2667 1835 2718 197,

146 2727 319 2765 17—20
343 2725 358 2778 Η
384 2727 435 2765 31
472 2723 642 2766 schol.¹³
671 2723 767 2779 (lib.
794 2723 873 2781 111)
906 2739 951 2781 p.
979 2728 1078 2779 266,
1098 2728 1241 2766 5—13

265 2845 286 2883 1
322 2848 503 2896 μακρᾶς
525 2841 663 2899 Jung,
697 2847 876 2897 μακροῦ
902 2841 1034 2884 codd.
1060 2843 1074 2898 ΙΙ
1101 2845 1154 2884 18
1190 2843 1273 2884 aut
1297 2838 1325 2896 ἢ
1353 2841 1483 2913 <Raab
1507 2847 1588 2884 τοῦ
1621 2839 1836 2897 προέχειν

143 2906 235 2942 τῶν
268 2899 415 2943 ἄλλων
448 2901 645 2959 ποδῶν)
681 2899 760 2944 διὰ
793 2900 914 2956 (coll.
947 2915 991 2956 p.
1019 2905 1119 2955 382,
1141 2903 1212 2957 16)
1246 2902 1327 2943 aut
1359 2898 1386 2956 ὴ
1419 2899 1508 2944 del.
1542 2899 1670 2956 Jung
