2090 3158
166 1072 208 1105 10

168 1478 209 1510 15

168 1884 210 1915 20

234 186 267 236 2
421 185 843 227 ΗΦΑΙΣΤΙΩΝΟΣ
874 186 1263 227 ΕΓΧΕΙΡΙΔΙΟΝ
1293 186 1439 226 ΠΕΡΙ
1467 184 1728 226 ΜΕΤΡΩΝ.

235 322 281 373 εἰ
321 317 382 373 δὲ
421 322 511 388 μή,
553 321 654 372 οὔκ
695 321 836 373 εἰσιν
876 321 1136 390 ἄντικρυς
1174 321 1393 388 μακραί,
1434 318 1572 372 ἀλλὰ
1606 319 1806 387 κοιναί,
1848 319 1920 381 ὡς
1939 324 2007 382 [3]

235 400 354 470 ἑξῆς
394 402 707 471 ῥηθήσεται.

344 483 428 552 (3)
458 482 616 536 Θέσει
641 483 840 552 μακραὶ
866 483 1134 550 γίνονται,
1151 482 1285 535 ὅταν
1300 480 1530 550 βραχέος
1546 483 1706 543 ὄντος
1731 481 1763 549 ἢ
1787 483 1919 549 βρα-

233 564 545 633 χυνομένου
572 566 889 632 φωνήεντος
914 564 1186 632 σύμφωνα
1211 566 1379 632 πίπτῃ
1404 561 1604 630 μεταξὺ
1630 562 1801 614 αὐτοῦ
1830 559 1920 614 καὶ

233 653 332 698 τοῦ
365 653 459 713 τῆς
492 644 612 714 ἑξῆς
650 647 926 713 συλλαβῆς
962 645 1282 712 φωνήεντος
1312 646 1542 696 πλείονα
1574 642 1697 706 ἑνὸς
1728 643 1919 696 ἁπλοῦ.
1953 653 1981 693 4

234 730 440 794 γίνεται
482 723 542 779 δὲ
581 733 745 779 τοῦτο
785 727 920 778 κατὰ
957 724 1120 778 πέντε
1158 727 1413 795 τρόπους.

307 810 427 876 ἤτοι
467 809 569 877 γὰρ
611 806 759 876 λήξει
798 809 876 870 εἰς
915 808 1018 860 δύο
1059 808 1331 875 σύμφωνα
1371 798 1494 859 οἷον

389 891 590 959 Τίρυνς
631 888 766 941 οὐδέ
800 908 852 940 τι
890 897 1067 957 τεῖχος
1107 887 1369 958 ἐπήρκεσε
1415 885 1656 958 (adesp.),

381 971 470 1023 καὶ
516 979 697 1032 κεῖνος
744 968 805 1022 ἐν
853 970 1077 1022 σάλεσσι
1122 970 1417 1038 <πολλοῖς>
1463 970 1665 1037 ἥμενος
1713 968 1923 1037 μάκαρς

1329 1050 1468 1119 ἀνήρ
1509 1048 1704 1121 (Alcm.
1736 1046 1849 1119 10),

233 1133 323 1185 καὶ
369 1132 764 1202 Τιμοκρέοντος
802 1131 861 1186 ἐκ
899 1141 1011 1185 τῶν
1049 1131 1472 1201 ἐπιγραμμάτων
1513 1129 1596 1202 (9)
1941 1136 2009 1194 [4]

383 1207 426 1285 ᾧ
465 1213 863 1282 ξυμβουλεύειν
901 1214 1026 1284 χὲρς
1066 1213 1193 1282 ἄπο,
1233 1221 1367 1275 νοῦς
1406 1209 1466 1264 δὲ
1506 1213 1669 1282 πάρα,

235 1295 324 1347 καὶ
358 1293 727 1364 Ἐμπεδοκλῆς
767 1293 887 1365 (56)

382 1376 479 1438 ἃλς
519 1375 688 1444 ε’ποὲγη
732 1377 957 1446 ῥιπῇσιν
996 1375 1269 1444 ἐωσμένος
1306 1377 1529 1444 ἠελίοιο.

310 1457 428 1526 ἢέν
457 1466 522 1527 τῆ
555 1457 676 1526 ἑξῆς
707 1457 822 1511 ἐστι
854 1465 1024 1510 ταῦτα
1059 1459 1304 1527 συλλαβῆ
1338 1449 1721 1525 οἷον“Έ-κτωρ
1755 1454 1829 1525 [δ’
1863 1454 1923 1508 ἐν

234 1540 548 1609 κλισίῃσιν]
614 1537 756 1592 ἔνθα
795 1539 887 1592 καὶ
927 1540 1011 1591 δεῖ
1050 1547 1402 1608 παρατηρεῖν,
1442 1539 1515 1607 μὴ
1555 1539 1616 1590 τὸ
1657 1535 1758 1606 μὲν
1791 1539 1922 1606 πρό-
1943 1543 2011 1600 [5]

233 1641 394 1688 τερον
433 1623 662 1690 ἄφωνον
700 1614 757 1691 ᾖ,
805 1622 866 1673 τὸ
915 1618 975 1673 δὲ
1025 1621 1287 1688 δεύτερον
1325 1619 1520 1690 ὑγρόν·
1574 1620 1627 1672 αἱ
1668 1620 1771 1688 γὰρ
1811 1638 1923 1671 τοι-

235 1709 394 1754 αῦται
432 1722 633 1802 nomm,
674 1703 746 1764 ὡς
785 1700 905 1769 ἑξῆς
945 1703 1233 1770 εἰρήσεται.

307 1782 339 1851 ἢ
380 1787 532 1852 λήγει
571 1783 672 1850 μὲν
711 1785 789 1846 εἰς
826 1782 904 1850 ε’ν,
945 1786 1052 1852 εχει
1093 1779 1155 1836 δε
1193 1783 1282 1835 καὶ
1321 1783 1423 1851 τὴν
1455 1781 1576 1850 ἑξῆς
1615 1780 1924 1851 αρχομένην

235 1863 340 1916 απὸ
384 1863 572 1933 ἑτέρου
614 1856 738 1918 οἷον
777 1866 876 1917 ἄλ-
887 1869 1000 1934 λος,

354 2021 378 2058 3
405 2016 462 2060 cf.
482 2016 637 2069 Quint
656 2017 763 2061 inst.
783 2032 845 2061 or.
864 2019 985 2072 ΙΧ4,
1004 2023 1118 2062 84-
1123 2022 1200 2071 86·
1226 2017 1339 2060 Mar.
1358 2016 1478 2059 Viot.
1498 2015 1561 2059 VI
1579 2019 1648 2067 29,
1668 2019 1855 2068 27-30,
1876 2020 1923 2069 2;

236 2075 362 2118 Mall.
390 2075 561 2119 Theod.
581 2076 644 2119 VI
670 2081 767 2129 587,
795 2082 961 2130 5-12;
994 2078 1068 2121 Ano
1096 2053 1218 2120 Forlz.
1237 2077 1300 2119 VI
1325 2080 1424 2127 279,
1451 2080 1519 2118 27.
1554 2077 1568 2132 ΙΙ
1600 2078 1745 2117 8-14
1778 2074 1919 2118 schol.

235 2134 283 2176 in
308 2134 442 2177 Dion.
465 2134 571 2179 Thr
599 2134 687 2178 GG
710 2136 774 2178 ΙΠ
799 2141 898 2190 206,
919 2142 972 2179 32
1001 2136 1198 2193 (μάκαρς
1225 2134 1395 2190 Τίρυνς
1419 2134 1529 2190 ἅλς).
1564 2138 1663 2188 346,
1683 2139 1735 2176 21
1764 2133 1923 2191 (χέρς);

237 2192 394 2236 Choer.
429 2194 478 2236 in
511 2193 682 2237 Theod.
711 2209 810 2238 can.
839 2172 926 2240 G'G
950 2197 1013 2240 IV
1039 2202 1060 2239 1
1096 2212 1140 2252 p.
1162 2201 1230 2249 17,
1250 2200 1289 2238 8.

355 2344 379 2382 3
414 2339 544 2384 θέσει
576 2342 625 2384 δὲ
659 2344 691 2385 Ι
725 2345 739 2399 ΙΙ
778 2347 887 2398 4sq.
923 2344 1005 2386 καὶ
1042 2351 1123 2400 τῆς
1162 2343 1264 2399 ἑξῆς
1303 2344 1527 2400 συλλαβῆς
1566 2341 1833 2399 φωνήεντος
1864 2342 1922 2393 A,

237 2399 317 2441 καὶ
365 2406 446 2443 τοῦ
501 2401 552 2443 ἐν
601 2408 655 2457 τῆ
710 2402 837 2474 ἑξῆς
868 2404 1064 2474 συλλαβῆ
1121 2402 1385 2458 φωνήεντος
1425 2403 1534 2456 DI;
1591 2401 1647 2444 cf.
1690 2399 1863 2443 schol.A
1909 2401 1923 2457 ΙΙ

237 2462 261 2499 5
303 2460 409 2530 post
462 2458 611 2503 ἁπλοῦ
664 2460 770 2503 add.
812 2458 839 2516 ἢ
878 2458 930 2504 ἐν
978 2463 1172 2506 διπλοῦν
1205 2463 1263 2505 Η
1300 2460 1442 2504 Gaisf.
1491 2463 1505 2517 ΙΙ
1549 2465 1573 2503 6
1622 2458 1743 2503 κατὰ
1787 2457 1923 2502 πέντε

235 2513 435 2570 τρόπους
465 2519 570 2571 DI,
605 2520 686 2562 καὶ
718 2520 790 2563 ἀεὶ
823 2518 1014 2577 ῥἀιὸίως
1045 2522 1111 2573 Α;
1145 2521 1201 2563 cf.
1237 2519 1404 2564 Caesar
1434 2520 1463 2563 i.
1490 2519 1519 2563 l.
1553 2519 1574 2561 I
1606 2523 1631 2561 5
1671 2520 1685 2574 ΙΙ
1725 2523 1750 2560 9
1783 2524 1924 2574 κῆνος

236 2575 388 2630 A.poll
422 2575 556 2631 Dysc.
592 2576 679 2620 GG
711 2578 731 2619 I
763 2538 846 2628 59,9
861 2583 913 2621 15
965 2582 970 2635 Ι
1022 2578 1200 2623 σάλεσσι
1232 2581 1301 2633 D,
1344 2578 1525 2623 σάλεσιν
1557 2579 1643 2622 ΑΙ
1689 2579 1693 2632 Ι
1739 2578 1924 2626 πολλοῖς

240 2634 344 2677 add.
378 2635 528 2690 Apoll.
559 2639 564 2690 Ι
599 2635 767 2692 ἥμενος
798 2639 846 2680 D
871 2637 1039 2692 Apoll.
1071 2637 1240 2694 ἡμένος
1271 2614 1336 2691 A,
1369 2635 1578 2693 κείμενος
1609 2639 1643 2680 Ι
1663 2639 1668 2692 Ι
1704 2637 1811 2678 ante
1843 2635 1924 2678 καὶ

239 2693 343 2735 add
378 2694 459 2736 καὶ
501 2693 662 2749 Τοῖα,
703 2696 785 2739 sed
828 2710 967 2752 saepe
1011 2697 1224 2753 exempla
1268 2696 1592 2740 coniunctione
1632 2708 1724 2737 non
1761 2693 1924 2737 addita

239 2755 566 2795 enumerantur
611 2756 624 2809 ΙΙ
674 2759 726 2796 12
754 2751 787 2797 ὦ
814 2756 922 2807 DI,
950 2770 1036 2798 om.
1062 2757 1107 2800 A
1158 2758 1163 2812 Ι
1213 2754 1337 2813 χέρσ’
1367 2757 1512 2799 ADI
1553 2758 1568 2811 ΙΙ
1616 2758 1670 2796 14
1695 2751 1842 2808 ἐπάγη
1869 2766 1924 2795 ex

238 2810 399 2866 ἐπάγει
423 2825 534 2854 corr.
547 2819 566 2855 ἱ)
593 2815 645 2865 P,
680 2813 841 2869 ἐπάγει
866 2815 1009 2857 ADI
1029 2817 1043 2869 ΙΙ
1070 2819 1123 2857 15
1157 2816 1250 2858 ἐστι
1274 2816 1330 2867 A,
1365 2810 1443 2857 ὦσι
1471 2814 1562 2856 DI
1579 2815 1594 2868 ΙΙ
1620 2817 1674 2855 15
1693 2827 1757 2867 sq.
1778 2811 1922 2854 verba

239 2867 284 2912 δ’
321 2871 370 2913 ἐν
410 2869 652 2927 κλισίῃσιν,
697 2886 816 2926 quae
864 2886 955 2915 non
1003 2875 1111 2916 sunt
1158 2874 1283 2929 apud
1330 2873 1581 2916 Homerum
1629 2871 1922 2926 (01252413

239 2933 335 2971 553.
386 2933 536 2985 Λ61),
586 2931 673 2973 del.
707 2930 947 2974 Hotehkis.
