2090 3158
223 1058 265 1089 10

291 159 396 211 192
742 162 1052 203 ΓΕῼΡΓΙΟΤ
1083 160 1524 205 ΧοΙΡοΒοΣΚοΤ

288 293 407 364 ἑξῆς
440 298 677 364 ἔχουσαν
709 296 814 348 ἀπὸ
853 299 1170 365 φωνήεντος
1202 295 1530 366 ἀρχομένην,
1568 299 1671 366 τὴν
1702 300 1797 366 αῖ),
1839 299 1976 352 ὥστε

287 377 456 430 πάλιν
494 376 584 429 καὶ
625 379 759 430 κατὰ
801 378 974 445 μέσην
1015 377 1163 442 λέξιν
1202 381 1461 446 γίνεσθαι
1499 381 1710 448 κοινήν.

437 456 511 529 (3,
540 457 630 529 19)
671 460 735 511 Ἥ
778 477 875 512 κου
915 463 1014 512 νῦν
1057 460 1141 511 ἐπὶ
1181 459 1436 523 Ληθαίου;

288 548 451 593 τοῦτο
487 539 870 609 Ἀνακρέοντος
908 539 982 610 (1,
1005 538 1066 611 4)
1108 538 1258 593 ἐστὶν
1298 540 1727 594 ἀντισπαστικὸν
1763 541 1978 612 μέτρον.

291 625 405 674 ἔστι
446 618 506 673 δὲ
545 623 605 674 τὸ
647 621 1095 690 ἀντισπαστικόν,
1149 622 1232 674 ὅτι
1271 621 1376 674 ἀπὸ
1419 625 1717 676 σπονδείου
1758 624 1978 693 ἄρχεται

288 702 379 756 καὶ
419 705 698 772 τροχαίου,
740 705 812 765 ὡς
854 703 914 756 ἐν
951 709 1026 775 τῷ

437 786 752 853 γουνοῦμαί
789 783 847 837 σ’
885 783 1192 853 ἐλαφηβόλε
1234 782 1622 856 (Anacr.1‚1)·

289 866 317 919 ὁ
367 867 622 936 δεύτερός
669 866 783 918 ε’στι
830 868 970 929 ποὺς
1017 868 1295 934 ὃιίαμβος,
1342 875 1437 935 τῆς
1475 869 1787 930 τελευταίας
1826 867 1980 921 ἀδια-

289 956 585 1023 φορούσης.
649 953 895 1008 ἐνταῦθα
927 951 1031 1008 οὖν
1063 956 1095 1024 ἡ
1127 946 1237 1008 θῇ
1261 957 1506 1024 συλλαβὴ
1539 963 1647 1009 τοῦ
1674 959 1978 1024 Ληθαίου

290 1035 350 1088 ἐν
389 1036 532 1108 μέσῳ
582 1035 774 1099 λέξεως
819 1039 977 1105 κοινή
1025 1036 1198 1105 ἐστιν,
1245 1037 1366 1090 ἀντὶ
1407 1040 1663 1107 βραχείας
1699 1042 1979 1107 παραλαμ-

288 1117 580 1186 βανομένη.

437 1198 510 1270 (3,
536 1198 631 1270 20)
671 1200 773 1269 ιἘν
815 1202 874 1252 δὲ
914 1203 1026 1252 τοῖς
1067 1200 1210 1252 ἔπεει
1251 1201 1648 1271 σπανιώτερον]
1689 1232 1762 1238 ’--

290 1279 453 1348 Λέγει
494 1281 578 1334 ὅτι
617 1280 707 1334 καὶ
749 1280 809 1334 ἐν
849 1278 1062 1346 ἔπεσιν,
1101 1282 1279 1349 ἤγουν
1317 1281 1575 1349 ἡρωικοῖς
1613 1281 1855 1351 μέτροις,
1895 1285 1979 1351 γί-

287 1370 463 1430 νεται,
513 1364 889 1431 σπανιώτερον
937 1359 998 1415 δὲ
1044 1361 1130 1414 ἐπὶ
1178 1364 1405 1415 τούτων.
1483 1363 1627 1430 ὅμως
1668 1361 1728 1416 δὲ
1767 1365 1979 1432 γίνεται

245 1465 264 1495 5
290 1442 380 1496 καὶ
421 1443 481 1496 ἐν
522 1444 800 1511 ἐλεγείοις·
842 1444 924 1496 ὅτι
966 1441 1026 1496 δὲ
1060 1445 1313 1512 σπάνιον,
1354 1447 1508 1512 φησί,
1542 1446 1726 1513 δῆλον.
1790 1449 1980 1514 Σοφο-

289 1529 420 1594 κλῆς
472 1527 576 1595 γὰρ
633 1528 704 1593 μὴ
753 1526 1083 1594 δυνάμενος,
1137 1525 1482 1593 ἐγκωμιάζων
1527 1526 1626 1578 τὸν
1648 1548 1653 1550 ··
1675 1524 1979 1595 Ἀρχέλαον,

290 1608 367 1669 εἰς
423 1605 664 1675 ἐλεγεῖον
718 1613 904 1659 θεῖναι
952 1607 1013 1659 τὸ
1063 1609 1238 1675 ὄνομα
1293 1608 1466 1659 αὐτοῦ
1521 1614 1621 1659 τοῦ
1672 1605 1977 1676 Ἀρχελάου,

290 1689 371 1740 ὅτι
427 1688 782 1758 ἀμφίμακρον
834 1697 982 1741 ποιεῖ
1029 1687 1348 1757 ἀκάθαρτον
1394 1686 1487 1759 (οὐ
1535 1689 1638 1757 γὰρ
1688 1688 1978 1756 ἀπήρτιζεν

290 1778 366 1838 εἰς
403 1777 567 1846 μέρος
599 1780 770 1846 λόγου
803 1777 835 1845 ἡ
866 1768 939 1830 λ-α
970 1777 1217 1845 συλλαβὴ
1251 1778 1430 1846 μακρὰ
1462 1772 1617 1845 οὖσα,
1653 1776 1746 1829 ἵνα
1775 1779 1976 1846 ποιήσῃ

221 1880 242 1910 2
289 1857 525 1929 κοινήν),
566 1859 915 1912 συνέστειλεν
955 1859 1128 1927 αὐτὴν
1167 1859 1256 1910 καὶ
1297 1857 1552 1925 ἐποίησεν
1593 1857 1819 1920 ἀττικῶς
1867 1857 1979 1927 Ἀρ-

291 1940 498 2008 χέλεως.
577 1940 777 2007 ὁμοίως
824 1941 913 1992 καὶ
963 1939 1304 2009 Παρθένιος,
1357 1941 1433 2002 εἰς
1483 1938 1798 2007 Ἀρχελαΐδα
1848 1939 1978 2008 γρά-

290 2042 414 2089 φων
468 2023 558 2074 καὶ
611 2023 683 2089 μὴ
739 2021 925 2074 θέλων
972 2021 1031 2074 ἐν
1081 2021 1338 2088 ἐλεγείοις
1391 2026 1675 2072 ποιεῖσθαι
1724 2019 1786 2073 ἐν
1831 2020 1976 2090 μέσῳ

291 2101 483 2165 λέξεως
529 2105 746 2171 κοινήν,
797 2101 918 2154 ἀντὶ
967 2102 1209 2170 ἐλεγείου
1260 2104 1460 2169 ἴαμβον
1508 2100 1764 2169 ἐποίησεν
1804 2102 1979 2164 οὕτως

438 2191 719 2260 ἀμυσχρὸν
753 2190 942 2258 οὔνομ’
976 2189 1147 2243 ἔσσετ’
1183 2189 1523 2260 Ἀρχελαΐδος
1555 2189 1750 2260 (Heph.
1777 2209 1826 2258 p.
1844 2190 1878 2241 4
1882 2189 1976 2260 ,7).

412 2327 436 2364 3
470 2320 499 2378 ἤ
532 2322 636 2379 κου]
670 2322 801 2366 οἴκου
834 2324 963 2376 (corr.
1000 2336 1055 2366 ex
1092 2321 1135 2365 ὅ.
1149 2325 1250 2379 κου)
1283 2323 1336 2365 K
1356 2323 1369 2378 ΙΙ
1394 2327 1420 2364 4
1451 2321 1606 2378 τοῦτο]
1641 2328 1722 2364 τοῦ
1756 2322 1841 2377 ΚΙΙ
1868 2325 1892 2363 5
1925 2320 1976 2364 τὸ

290 2381 380 2425 del.
393 2387 412 2424 ⁸?
445 2381 664 2424 Hoersch.
695 2384 700 2436 Ι
731 2379 799 2424 ὅτι
823 2381 1057 2434 Hoersoh.‚
1093 2380 1166 2424 ότε
1200 2381 1331 2424 codd
1358 2383 1371 2437 ΙΙ
1397 2387 1421 2423 6
1455 2381 1516 2430 ὡς
1541 2381 1788 2436 οΠ1.ΠΙΙ8
1823 2377 1977 2435 διιαμ-

291 2442 390 2499 βος]
417 2440 583 2498 ἴαμβος
605 2441 679 2496 UH
706 2445 758 2482 13
791 2439 910 2495 λέγει
935 2438 1017 2483 οὖν
1044 2439 1114 2483 ὅτι
1139 2440 1188 2484 ἐν
1207 2441 1261 2483 K
1284 2442 1289 2495 Ι
1318 2439 1481 2496 ἤγουν]
1510 2439 1654 2482 οἱονεὶ
1672 2441 1726 2482 K
1744 2441 1757 2494 ΙΙ
1784 2444 1838 2481 14
1864 2453 1978 2481 σπα-

292 2499 485 2554 νιωτέρα
518 2501 572 2543 K
621 2501 634 2555 ΙΙ
691 2505 743 2541 15
779 2499 827 2543 ἐν
860 2497 1090 2556 ἐλεγείοις]
1125 2497 1342 2556 ἐλεγείαις
1374 2501 1446 2554 (ex
1478 2496 1701 2554 ἐνεγείαις
1733 2499 1860 2554 fact.)
1896 2499 1940 2541 U
1969 2498 1973 2555 Ι

293 2575 316 2602 ο
350 2558 437 2615 γὰρ
464 2561 711 2634 Σοφοκλιζς
743 2557 1036 2627 ἐγκωμιάζων
1059 2559 1141 2602 τὸν
1174 2557 1399 2629 ἀρχελαον
1431 2558 1512 2601 καὶ
1542 2557 1602 2613 μὴ
1637 2557 1895 2613 δυνάμενος
1925 2556 1976 2599 τὸ

292 2617 439 2673 ὄνομα
473 2618 615 2660 αὐτοῦ
649 2618 714 2667 εἰς
747 2614 948 2672 ἐλεγείαν
980 2621 1155 2670 θεῖναι,
1189 2615 1490 2673 ἀμφίμακρον
1524 2617 1577 2659 Κ
1610 2618 1624 2672 ΙΙ
1665 2621 1717 2659 16
1752 2614 1978 2672 ἐγκωμιά-

292 2681 384 2728 ζειν
411 2678 453 2720 U
471 2679 485 2732 ΙΙ
512 2682 563 2719 17
591 2679 753 2720 θεῖναι
778 2677 841 2730 Κ,
874 2676 1048 2720 ἐλθεῖν
1076 2677 1154 2719 καὶ
1180 2677 1232 2730 U
1256 2676 1360 2719 fort.
1390 2676 1602 2719 ἐνθεῖναι
1625 2677 1639 2731 ΙΙ
1666 2679 1718 2717 19
1746 2674 1811 2725 εἰς
1841 2672 1978 2740 μέρος

291 2734 429 2791 λόγου
463 2749 549 2777 om.
578 2736 662 2791 ΚΙΙ
689 2740 743 2778 20
777 2734 1076 2791 συνέστειλεν]
1111 2734 1364 2779 συνέστειλε
1397 2735 1448 2778 δὲ
1481 2735 1644 2789 Κ1121
1679 2734 1759 2776 καὶ
1791 2747 1878 2775 om.
1904 2734 1965 2776 U
1964 2734 1977 2789 Ι

294 2799 348 2836 22
382 2795 431 2838 ἐν
465 2793 695 2852 ἐλεγείοις]
731 2795 780 2838 ἐν
803 2800 858 2850 τῆ
885 2794 1056 2848 ἐλεγεῖα
1084 2795 1153 2850 ΠΙ
1182 2794 1441 2851 ποιεῖσθαι]
1475 2798 1670 2847 ποιῆσαι
1695 2793 1749 2834 Κ
1767 2794 1780 2847 ΙΙ
1807 2796 1860 2834 23
1888 2791 1977 2835 ἐλε-

293 2851 419 2909 γείου
454 2853 630 2907 scripsi,
666 2851 865 2910 ἐλεγείας
897 2853 1026 2895 codd
1058 2856 1062 2909 Ι
1093 2853 1309 2910 ἰαμβικὸν
1345 2854 1420 2907 ΠΙ
1457 2855 1594 2902 οὑτος
1626 2852 1669 2895 U
1693 2852 1707 2907 ΙΙ
1741 2856 1795 2894 24
1829 2848 1971 2895 ἔσσετ’

292 2912 458 2967 Heph„
494 2911 609 2955 εσετ’
642 2914 703 2966 Κ,
737 2913 858 2956 ἐστὶν
894 2913 935 2954 U

2009 1452 2066 1492 43
