2090 3158
220 146 294 198 40
421 147 844 189 ΗΦΑΙΣΤΙΩΝΟΣ
875 148 1263 189 ΕΓΧΕΙΡΙΔΙΟΝ
1295 146 1440 188 ΠΕΡΙ
1470 145 1728 188 ΜΕΤΡΩΝ.

991 324 1134 378 ΧΙΠ.

778 445 939 513 Περὶ
980 452 1361 497 παιωνικοῦ.
1942 447 2043 506 [77]

332 562 414 630 (1)
456 563 526 614 Τὸ
568 559 629 614 δὲ
660 563 965 615 παιωνικὸν
1004 564 1122 630 εἴδη
1155 559 1257 628 μὲν
1290 565 1398 631 ἔχει
1429 564 1570 631 τρία,
1603 564 1664 615 τό
1697 582 1754 615 τε
1784 582 1911 631 κρη-

221 645 375 696 τικὸν
413 644 501 695 καὶ
541 646 602 696 τὸ
634 644 961 712 βακχειακὸν
991 644 1082 696 καὶ
1114 645 1174 697 τὸ
1206 645 1726 713 παλιμβακχειακόν·
1760 644 1789 696 ὃ
1822 645 1912 696 καὶ

178 746 195 777 5
222 724 604 792 ἀνεπιτήδειόν
658 723 771 776 ε’στι
821 725 960 792 πρὸς
1013 728 1359 793 μελοποιῖάν,
1413 727 1474 779 τὸ
1533 722 1593 778 δὲ
1654 725 1913 793 κρητικὸν

223 805 557 874 ἐπιτήδειον·
598 805 810 875 δέχεται
851 803 911 858 δὲ
950 806 1039 858 καὶ
1080 807 1265 868 λύσεις
1304 808 1397 868 τὰς
1437 808 1514 868 εἰς
1551 809 1682 868 τοὺς
1716 810 1913 858 καλου-

221 886 423 954 μένους
483 896 748 949 παιῶνας·
822 890 1063 940 καλεῖται
1126 885 1186 939 δὲ
1249 889 1338 940 καὶ
1399 886 1491 939 ὑπ’
1561 889 1744 940 αὐτῶν
1805 897 1916 940 τῶν
1948 884 2045 942 [78]

221 978 464 1037 ποιητῶν
510 971 792 1037 κρητικόν,
850 969 1029 1037 ὥσπερ
1078 969 1186 1021 ὑπὸ
1236 971 1520 1037 Κρατίνου
1569 968 1630 1021 ἐν
1690 972 1914 1036 Τροφω-

224 1051 324 1121 νίῳ
365 1047 523 1120 (222)

158 1153 198 1184 10
445 1128 622 1200 ἔγειρε
663 1132 730 1199 δὴ
771 1140 903 1199 νῦν,
942 1139 1140 1199 μοῦσα,
1180 1133 1439 1200 κρητικὸν
1477 1131 1655 1199 μέλος,

224 1209 340 1265 εἶτα
379 1211 625 1282 ἐπιφέρει
667 1211 823 1284 (222)
1032 1204 1046 1218 ’

371 1303 526 1363 χαῖρε
566 1295 652 1362 δή,
691 1303 893 1363 μοῦσα·
934 1297 1128 1363 χρονία
1166 1293 1266 1362 μὲν
1306 1296 1469 1363 ἥκεις,
1510 1296 1654 1361 ὅμως
1694 1293 1741 1347 δ’

371 1371 541 1443 ἦλθες
580 1376 646 1428 οὐ
685 1378 820 1444 πρίν
858 1397 920 1444 γε
961 1378 1095 1445 δεῖν,
1136 1377 1258 1429 ἴσθι
1290 1375 1482 1445 σαφές·
1524 1375 1637 1429 ἀλλ’
1679 1377 1838 1438 ὅπως.

336 1457 422 1526 (2)
441 1455 859 1526 Ἐπιτηδεύουσι
878 1454 938 1510 δὲ
955 1455 1096 1510 ἔνιοι
1112 1467 1223 1511 τῶν
1245 1467 1488 1526 ποιητῶν
1512 1460 1643 1519 τοὺς
1666 1458 1917 1527 πρώτους
1948 1467 2002 1506 41

159 1559 199 1592 15
223 1538 597 1605 καλουμένους
643 1549 888 1601 παιῶνας
932 1540 1382 1607 παραλαμβάνειν
1420 1540 1563 1607 πλὴν
1602 1547 1696 1606 τῆς
1735 1543 1916 1591 τελευ-

224 1622 379 1682 ταίας
431 1621 626 1689 χώρας,
683 1621 760 1681 εἰς
813 1620 882 1688 ἣν
921 1620 1018 1672 τὸν
1064 1621 1325 1689 κρητικὸν
1363 1621 1914 1689 παραλαμβάνουσιν·

226 1702 369 1755 οὕτω
450 1709 592 1769 γοῦν
660 1701 720 1752 τὸ
796 1702 1227 1770 πολυθρύλητον
1300 1702 1662 1770 τετράμετρον
1730 1716 1914 1754 συντι-

225 1782 449 1850 θεάσιν,
529 1787 595 1835 οὑ
671 1784 1082 1852 παραδείγματα
1160 1781 1218 1835 ἐκ
1302 1792 1412 1835 τῶν
1482 1781 1918 1852 Ἀριστοφάνους

229 1867 500 1933 Γεωργων
542 1861 698 1934 (110)

161 1967 203 1998 20
377 1950 417 1998 ὠ
458 1947 584 1996 πόλι
625 1948 758 2013 φίλη
800 1944 1101 2014 Κέκροπος,
1141 1946 1416 2014 αὐτοφυες
1448 1944 1678 2013 Ἀττική,

375 2035 528 2095 χαῖρε
554 2027 787 2094 λιπαρὸν
812 2026 1069 2094 δάπεδον,
1096 2022 1277 2096 οὖθαρ
1303 2026 1517 2095 άγαθης
1548 2028 1766 2095 χθονός.

349 2176 373 2213 3
406 2171 519 2215 Mar.
538 2172 658 2215 vict.
686 2171 748 2214 VI
774 2176 842 2226 96,
870 2177 937 2215 14.
965 2177 1034 2215 31.
1068 2172 1217 2215 Diom.
1242 2172 1263 2214 Ι
1288 2177 1387 2226 501,
1417 2177 1483 2215 19.
1512 2176 1610 2226 506,
1638 2177 1676 2214 9.
1715 2179 1918 2223 παῖανος

230 2231 315 2275 δύο
350 2229 451 2287 εἴδη
478 2231 667 2274 Aristot.
694 2231 810 2274 rhet.
837 2231 898 2273 ΠΙ
924 2236 949 2274 8
981 2247 1024 2287 p.
1054 2236 1152 2285 190,
1170 2236 1222 2275 12
1246 2232 1354 2287 (R.);
1390 2230 1479 2274 Cic.
1508 2234 1621 2274 orat.
1649 2236 1746 2274 218.
1780 2231 1914 2275 Dion.

229 2289 333 2333 Hal.
362 2291 418 2332 de
444 2304 591 2345 comp.
619 2290 739 2334 verb.
768 2304 802 2334 c.
831 2290 957 2333 XXV
979 2306 1023 2346 p.
1046 2295 1211 2345 130,10
1236 2291 1454 2346 κρητικὸν
1487 2289 1686 2347 ῥυθμόν,
1719 2289 1801 2334 εἴτ’
1825 2290 1918 2345 ἄρα

229 2348 412 2392 παιᾶνά
434 2366 503 2398 τις
529 2349 740 2407 βούλεται
769 2384 777 2391 .
799 2385 807 2392 .
829 2385 837 2392 .
866 2352 1023 2393 καλεῖν
1049 2364 1147 2405 sqq.
1167 2377 1222 2381 -
1249 2350 1540 2393 soh01.Pind.
1569 2349 1676 2393 Ol.1
1698 2365 1742 2405 p.
1764 2355 1834 2401 15,
1854 2354 1878 2392 6
1904 2353 1918 2407 ΙΙ

233 2413 344 2450 3--9
379 2407 598 2463 κρητικόν
631 2408 781 2452 Traeb.
816 2408 941 2452 Harl.
976 2409 1122 2465 (Dem.
1157 2409 1314 2463 Tricl.)
1346 2425 1388 2464 p.
1417 2413 1485 2462 26,
1523 2413 1634 2451 1—4
1668 2411 1682 2464 ΙΙ
1715 2413 1769 2451 10
1801 2409 1915 2452 Mar.

232 2467 348 2510 Plot.
375 2467 439 2510 VI
464 2471 563 2520 542,
590 2472 645 2510 20
685 2470 698 2524 Η
740 2472 792 2510 18
826 2467 974 2510 Diom.
1002 2468 1021 2510 Ι
1048 2472 1147 2522 506,
1176 2473 1226 2510 11
1262 2471 1282 2524 -ῃ
1322 2473 1377 2511 20
1409 2468 1483 2511 At.
1517 2469 1639 2512 Fort.
1667 2468 1728 2511 VI
1755 2473 1853 2523 291,
1881 2473 1916 2511 1.

232 2526 344 2569 Mar.
380 2525 496 2569 Plot.
523 2526 586 2569 VI
612 2531 711 2581 542,
737 2531 792 2569 30

353 2664 376 2700 2
411 2660 516 2713 περὶ
546 2666 627 2702 τοῦ
660 2666 918 2702 παιωνικοῦ
951 2658 1117 2714 μέτρου
1151 2662 1184 2703 Ι
1230 2662 1244 2715 Η
1298 2666 1322 2702 3
1357 2658 1407 2703 δὲ
1441 2674 1528 2703 om.
1562 2659 1711 2702 Tract.
1745 2658 1870 2702 Harl.
1904 2660 1918 2715 Η

234 2723 260 2760 4
286 2718 365 2760 καὶ
377 2718 625 2787 (primum)
651 2732 738 2761 om.
758 2718 909 2761 Tract.
929 2718 1054 2761 Harl.
1086 2723 1090 2774 Ι
1119 2719 1198 2762 καὶ
1223 2719 1446 2775 (tertium)
1472 2720 1489 2776 ]
1515 2716 1670 2774 μέντοι
1696 2717 1917 2771 Studem„

233 2775 337 2819 fort.
375 2773 483 2829 ὅπερ
523 2778 536 2831 Η
577 2782 601 2819 6
633 2776 715 2828 τὰς
747 2791 834 2820 om.
869 2779 1066 2832 excerpt.
1100 2778 1241 2820 Paris.
1276 2781 1290 2834 Η
1322 2783 1347 2821 8
1380 2775 1579 2832 κρατίνω
1613 2779 1645 2820 Ι
1673 2778 1687 2833 ΙΙ
1722 2781 1774 2820 13
1807 2774 1918 2830 πρίν

235 2851 284 2892 γε
317 2838 415 2879 δεῖν
439 2835 550 2878 Por»
543 2851 627 2889 on,
660 2834 770 2890 πρίν
803 2835 957 2879 ἐλθεῖν
983 2838 1040 2889 A,
1073 2836 1182 2890 πρὶν
1215 2836 1370 2881 ἑλθειν
1401 2836 1499 2880 rell.
1526 2838 1540 2892 ΙΙ
1567 2841 1619 2879 16
1651 2836 1752 2893 τὸν]
1785 2835 1835 2879 τὸ
1861 2837 1919 2892 ΙΙΙ

238 2898 291 2936 18
322 2892 692 2952 παραδειγματα]
726 2894 1021 2951 παράδειγμα
1053 2894 1109 2938 τὰ
1143 2894 1309 2939 Caesar
