2060 3168
519 147 596 188 IV.
615 147 655 187 V
686 147 835 187 ΠΕΡΙ·
860 144 982 187 ΤΩΝ
1012 144 1524 187 ΑΝΑΚΡΕΟΝΤΕΙΩΝ
1756 142 1862 195 317

179 281 240 334 τὸ
289 276 348 333 δὲ
395 280 608 333 τούτων
661 279 1029 333 κουκούλλιον
1076 280 1286 347 γίνεται
1333 276 1386 342 ἐξ
1436 277 1731 340 ἐλάσσονος
1777 278 1865 330 καὶ

179 363 443 431 μείζονος,
481 360 766 414 τουτέστιν
806 360 910 414 ἀπὸ
942 361 1239 430 πυρριχίου
1271 357 1362 412 καὶ
1396 360 1711 426 σπονδείου,
1744 351 1867 412 οἷον

521 442 712 511 ἀρετῆς
750 442 1095 510 εὐστεφάνου
1136 442 1313 494 ἄνθεα
1353 440 1573 511 δρέψας,

522 523 695 592 ἁγίων
732 523 1076 594 περσιδάμου
1115 524 1322 590 κόσμον
1361 521 1452 575 ἀεὶ»
1485 522 1578 574 ὥν.

293 717 340 768 2.
397 714 627 785 Ἑτέρως
682 714 808 786 περὶ
863 725 974 768 τῶν
1029 714 1496 785 Άνακρεοντείων.
1588 715 1620 782 ἡ
1683 714 1867 783 πρώτη
1915 738 1934 771 5

181 799 331 868 χώρα
371 797 582 867 δέχεται
622 797 987 866 ἀνάπαιστον,
1035 798 1067 865 ἡ
1109 796 1338 867 δευτέρα
1379 798 1604 865 ἴαμβον,
1643 796 1675 864 ἡ
1715 797 1866 866 τρίτη

183 882 399 948 ἴαμβον,
440 880 473 948 ἡ
511 879 739 948 τετάρτη
781 879 1113 948 ἀδιάφορον·
1154 870 1276 931 οἷον

523 960 629 1013 ἀπὸ
669 969 765 1030 τῆς
805 962 970 1030 φίλης
1010 959 1230 1028 ἐρήμου.

181 1040 271 1095 καὶ
325 1043 386 1095 τὸ
441 1042 806 1094 κουκούλλιον
861 1041 1055 1109 αὐτοῦ,
1111 1039 1143 1108 ἡ
1190 1041 1377 1109 πρώτη
1432 1040 1521 1092 καὶ
1575 1041 1730 1109 τρίτη
1778 1040 1869 1092 καὶ

181 1122 391 1191 πέμπτη
432 1123 580 1191 χώρα
619 1124 934 1213 πυρρίχιον,
973 1142 1005 1190 η
1039 1120 1267 1191 δευτέρα
1305 1118 1366 1173 δε
1398 1120 1488 1174 καὶ
1522 1122 1746 1191 τετάρτη
1779 1119 1869 1174 καὶ
1894 1146 1937 1178 10

182 1204 306 1273 ἕκτη
350 1205 666 1271 σπονδεῖον,
707 1207 828 1256 οἱον

527 1286 804 1354 Ζαχαρίου
844 1285 1083 1353 μεγάλου
1122 1286 1398 1352 πάγκλυτε
1437 1291 1616 1354 κοῦρε.

295 1478 343 1530 3.
392 1475 582 1548 Ἑτέρα
627 1477 870 1544 μέθοδος
914 1485 1030 1540 τοῖς
1069 1476 1436 1547 ἀνακρέουσιν
1475 1476 1557 1530 ἀεὶ
1598 1491 1870 1529 συναπτο-

182 1558 340 1627 μένη·
382 1559 514 1626 ὅπερ
555 1558 755 1628 μέτρον
794 1558 1185 1626 ἀνακλώμενον
1216 1562 1470 1611 καλεῖται.
1534 1558 1562 1612 ὁ
1595 1567 1709 1621 τοῖς
1740 1558 1871 1611 ἀνα-

183 1639 444 1708 κρεόυσιν
476 1640 558 1693 ἀεὶ
593 1642 1026 1708 συνταττόμενος
1059 1640 1197 1709 [καὶ]
1231 1640 1634 1709 ἀνακλώμενος,
1668 1639 1721 1704 ἐξ
1749 1639 1870 1702 ἑνὸς
1895 1664 1936 1696 15

182 1731 294 1774 τῶν
343 1722 801 1791 τετρασυλλάβων
853 1722 1027 1784 ποδὸς
1073 1723 1173 1790 τὴν
1221 1723 1488 1774 σύστασιν
1534 1720 1658 1790 ἔχει.
1734 1723 1870 1790 τομὴ

185 1804 245 1855 δὲ
285 1803 456 1856 αὐτοῦ
496 1802 888 1872 ἑφθημιμερής.
952 1798 1113 1866 οὗτος
1151 1811 1292 1871 γοῦν
1332 1805 1550 1866 ίωνικὸς
1588 1801 1676 1855 ἀπ’
1719 1803 1872 1855 ἐλάσ-

186 1899 350 1947 σονος
390 1884 602 1952 λέγεται
642 1885 1102 1954 τριποδιζόμενος,
1144 1877 1265 1938 οἷον

525 1965 717 2034 ἀρετῆς
756 1963 890 2034 ἔργα
928 1966 1084 2035 φέρει
1124 1964 1361 2032 ἔμπονος
1395 1966 1515 2034 ἥβη.

185 2050 366 2116 στίχος
413 2045 615 2117 ἕτερος·
672 2045 762 2099 καὶ
810 2051 972 2109 οὑτος
1019 2047 1047 2100 ὁ
1096 2051 1277 2116 στίχος
1324 2045 1444 2100 ἔσθ’
1486 2048 1574 2100 ὅτε
1628 2046 1718 2100 καὶ
1765 2047 1870 2101 ἀπὸ
1896 2071 1938 2104 20

185 2130 488 2198 χοριάμβου
529 2128 618 2181 καὶ
661 2130 887 2181 ῑωνικοῦ
928 2127 1017 2180 ἀπ’
1058 2128 1372 2196 ἐλάσσονος,
1411 2127 1501 2182 καὶ
1543 2128 1602 2182 ἐν
1641 2137 1703 2198 τῇ
1738 2144 1873 2198 συμ-

184 2212 461 2277 πληρώσει
500 2211 598 2262 τὸν
636 2214 852 2262 παίωνα
884 2212 1072 2279 τρίτον
1104 2212 1411 2279 δεχόμενος,
1450 2211 1598 2262 καθὰ
1629 2216 1703 2281 τῷ
1735 2210 1870 2283 ἁγίῳ

188 2293 503 2363 Σωφρονίῳ
543 2290 632 2344 καὶ
673 2291 859 2353 ἄλλοις
898 2291 1272 2361 ἀρχαιοτέροις
1311 2293 1479 2360 δοκεῖ,
1521 2284 1644 2344 οἷον

527 2376 877 2441 Χριστιανῶν
916 2374 1175 2442 μακάρων
1215 2375 1404 2426 ἔλθετε
1443 2375 1648 2435 παῖδες.

187 2452 433 2506 ἐνταῦθα
471 2454 574 2522 γὰρ
615 2453 646 2521 ἡ
687 2454 789 2521 μὲν
823 2455 1007 2522 πρώτη
1050 2456 1198 2524 χώρα
1236 2452 1346 2523 ἔχει
1386 2457 1706 2524 χορίαμβον,
1745 2455 1776 2523 ἡ
1811 2451 1872 2507 δὲ
1897 2477 1937 2509 25

187 2535 415 2605 δευτέρα
463 2536 687 2588 ίωνικὸν
734 2534 835 2587 ἀπ’
875 2536 1170 2598 ἐλάσσονος
1214 2537 1303 2588 καὶ
1351 2537 1382 2604 ἡ
1423 2538 1574 2605 τρίτη
1623 2537 1720 2588 τὸν
1759 2538 1872 2605 τρί-

309 2699 361 2738 13
394 2695 466 2738 Ps.
493 2695 642 2751 Heph.
671 2695 762 2738 22¹³.
811 2695 896 2739 An.
924 2695 1044 2740 Chis.
1073 2696 1121 2739 7¹³

307 2848 332 2886 4
357 2841 530 2898 κόσμου
554 2841 671 2886 ἀῖων
697 2842 836 2886 schol
840 2845 865 2870 Β
890 2845 903 2899 ΙΙ
931 2848 982 2885 12
1008 2851 1145 2899 κοῦρε
1171 2843 1311 2888 schol.
1316 2846 1354 2897 Β,
1388 2843 1530 2899 κοίρη
1554 2846 1599 2888 Ρ
1618 2847 1631 2901 ΙΙ
1658 2849 1710 2887 14
1739 2842 1869 2902 οπερ]

190 2899 258 2944 ότι
291 2902 362 2944 ΡΒ.
389 2902 536 2957 Heph.
563 2904 576 2957 ΙΙ
604 2906 655 2945 15
689 2903 767 2945 καὶ
800 2916 886 2945 om
915 2903 998 2944 An.
1026 2902 1146 2946 Chis
1181 2905 1229 2946 et
1259 2903 1331 2946 Ps.
1359 2903 1506 2958 Heph.
