2060 3168
0 1258 15 1304 ἕ

2 1315 104 1356 Χ67

4 1534 14 1590 3

467 198 634 240 tva-s
664 197 811 238 ΠΕΡΙ
840 195 1217 238 ΑΠοΘΕΣΕΩΣ
1246 195 1493 237 ΜΈΤΡΩΝ
1718 196 1827 248 225

142 331 301 401 ζυγία
362 329 535 383 οἱονεὶ
599 331 825 401 διποὸίᾳ
888 327 1011 401 (τὴν
1072 330 1176 399 γὰρ
1239 330 1501 384 διποὸίαν
1562 332 1829 399 συζυγίαν

141 410 385 482 ἐκάλεσε)
425 413 728 480 περιττεύει
768 412 870 465 δύο
909 412 1223 478 συλλαβαῖς.

250 492 416 546 Ἄλλο
456 494 767 559 κεφάλαιον.
848 491 957 564 (14,
986 490 1077 562 15)
1110 493 1329 546 Παντὸς
1369 495 1563 559 μέτρου
1597 493 1826 560 ἀδιάφο-

140 575 234 640 ρό(
283 575 419 628 ἐςτιν
466 575 497 639 ἡ
544 576 824 628 τελευταία
871 575 1125 640 (υλλαβή,
1179 574 1311 628 ὥετε
1360 574 1494 628 εἶναι
1535 576 1701 640 αὐτὴν
1742 578 1826 629 καὶ

141 660 394 722 βραχεῖαν
434 658 518 708 καὶ
559 658 778 722 μακράν.
856 657 941 709 καὶ
978 656 1046 708 τὰ
1086 656 1216 720 ἑξῆς.
1874 681 1893 714 5

251 739 547 806 Πρόδηλόν
587 737 701 791 ἐστι
741 739 802 791 τὸ
844 739 1167 806 λεγόμενον,
1209 736 1394 804 ἐπειδὴ
1441 736 1584 805 λέγει
1623 738 1828 800 παντὸς

139 811 278 871 εἶναι
319 818 522 887 μέτρου
554 820 615 872 τὸ
652 819 805 882 τέλος
837 819 1166 889 ἀδιάφορον,
1201 818 1450 872 τουτέστι
1482 817 1581 871 ἐὰν
1614 819 1827 887 μακρὸν

137 898 169 967 ἢ
210 901 386 968 βραχὺ
426 908 609 968 τοῦτο,
650 900 981 970 ἀδιάφορον·
1024 899 1205 954 ἰστέον
1244 900 1328 953 ὅτι
1372 900 1400 968 ἡ
1440 901 1668 970 βραχεῖα
1705 899 1826 953 ἀντὶ

136 989 346 1051 μακρᾶς
392 981 699 1051 εὑρίσκεται
745 983 984 1052 εὐλόγως
1033 983 1169 1035 κατὰ
1213 982 1274 1034 τὸ
1322 980 1474 1044 τέλος
1513 979 1826 1053 (βοηθεῖται

136 1065 240 1132 γὰρ
272 1064 382 1118 ὑπὸ
415 1072 509 1133 τῆς
543 1062 793 1134 σιωπῆς),
824 1065 1150 1133 παραλόγως
1179 1060 1239 1116 δὲ
1263 1064 1296 1131 ἡ
1328 1063 1508 1132 μακρὰ
1540 1061 1661 1115 ἀντὶ
1693 1064 1824 1132 βρα-
1851 1089 1893 1120 10

134 1147 286 1214 zelas
317 1146 798 1214 παραλαμβάνεται
837 1144 898 1199 έν
937 1144 1078 1198 τέλει
1117 1144 1338 1215 μέτρου,
1378 1144 1522 1213 ὅμως
1562 1143 1622 1196 δ’
1653 1144 1827 1207 οὕτως

137 1227 479 1297 ἐπεκράτησε.

248 1307 359 1379 (14,
385 1307 481 1380 22)
520 1311 661 1378 ιΠᾶν
703 1310 896 1374 μέτρον
938 1309 1011 1361 εἰ(
1049 1309 1259 1362 τελείαν
1303 1312 1629 1373 περατοῦται
1669 1310 1824 1370 λέξιν,

137 1391 263 1444 ὅθεν
305 1391 570 1455 ἑπίλητττά
611 1392 714 1443 ἑετι
764 1391 831 1443 τὰ
869 1393 1092 1442 τοιαῦτα
1133 1390 1425 1455 (ιμωνίδου
1468 1391 1525 1442 ἐκ
1562 1393 1671 1442 τῶν
1713 1391 1823 1442 ἐπι-

137 1473 478 1538 γραμμάτων.
554 1475 638 1524 καὶ
677 1473 744 1524 τὰ
785 1473 932 1541 ἑξῆς.
1852 1496 1892 1528 15

249 1557 376 1605 Παν
415 1552 642 1623 μέτρον,
681 1555 877 1621 φησίν,
919 1554 997 1615 εἰς
1035 1555 1249 1605 τελείαν
1288 1560 1619 1622 περατοῦται
1661 1552 1823 1620 λέξιν,

0 1639 102 1698 143>
137 1636 221 1687 δεῖ
261 1631 321 1687 δε
362 1637 536 1687 εἰπεῖν
577 1634 627 1702 ἢ
669 1635 741 1696 ὡς
780 1634 1029 1701 τελείαν’,
1069 1635 1322 1703 καθαπερ
1365 1654 1455 1686 και
1487 1633 1826 1701 “Ηλιόὸωρος

7 1718 13 1740 t

6 1747 13 1761 v

5 1783 21 2132 Ἰ

7 2135 29 2947 Ι

136 1714 322 1783 ἔλεγεν
348 1715 375 1768 ὁ
408 1717 792 1785 γραμματικός,
818 1716 908 1768 διὰ
933 1715 993 1768 τὸ
1021 1715 1312 1785 ὑψερεφὲς
1337 1715 1434 1768 δῶ’
1463 1713 1517 1785 (κ
1538 1716 1639 1767 111
1669 1714 1823 1787 alias)

135 1796 224 1849 καὶ
272 1799 337 1850 τὰ
384 1804 623 1850 τοιαῦτα.
701 1798 872 1865 δῆλον
913 1794 972 1848 δὲ
1014 1797 1097 1849 ὄτι
1149 1796 1239 1850 καὶ
1280 1797 1383 1850 ἀπὸ
1423 1799 1631 1860 τελείας
1669 1797 1822 1850 θέλει

135 1879 426 1948 ἄρχεσθαι·
468 1878 605 1930 ὅθεν
644 1877 733 1930 καὶ
775 1878 1215 1949 συνηγοροῦντές
1253 1898 1398 1941 τινες
1438 1880 1514 1941 εἰς
1553 1879 1613 1931 τὸ
1849 1904 1891 1935 20

1204 1961 1450 2029 εὐρύοπα
1494 1959 1652 2029 Ζῆν’,

284 2041 455 2094 αὐτοῦ
496 2040 554 2093 κ’
594 2040 725 2094 ἔνθ’
764 2041 1018 2110 ἀκάχοιτο
1059 2039 1134 2112 (Θ
1169 2040 1318 2113 207),

135 2123 224 2175 καὶ
264 2121 324 2175 ἐν
363 2131 477 2184 τοῖς
517 2122 741 2191 ὁμοίοις,
782 2123 863 2175 ὅτι
904 2124 964 2176 τὸ
1004 2126 1039 2175 ἶ)
1079 2126 1156 2186 εἰς
1187 2124 1247 2176 τὸ
1280 2122 1434 2185 τέλος
1464 2131 1564 2175 τοῦ
1599 2124 1822 2192 πρώτου

137 2206 326 2272 στίχου
376 2202 488 2256 ἐστὶ
535 2202 626 2256 καὶ
675 2204 778 2256 οὐκ
823 2202 974 2257 ἔστιν
1014 2204 1274 2274 ἀρκτικὸν
1314 2212 1412 2257 τοῦ
1455 2202 1575 2272 ἑξῆς
1614 2207 1821 2273 στίχου,

137 2283 426 2354 ἐκέχρηντο
459 2286 633 2356 τούτῳ
667 2293 740 2357 τῷ
776 2287 938 2357 λόγῳ,
976 2286 1057 2338 ὅτι
1090 2294 1201 2338 πᾶν
1232 2285 1433 2355 μέτρον
1465 2285 1619 2338 θέλει
1652 2285 1820 2354 ἀπαρ-
1848 2310 1888 2341 25

258 2420 311 2459 16
328 2415 568 2459 Mar.Viet.
581 2415 617 2459 G
630 2416 662 2457 L
676 2415 737 2458 VI
753 2420 823 2470 56,
835 2421 968 2471 2sqq.
984 2417 997 2473 ΙΙ
1015 2420 1069 2459 20
1088 2416 1144 2460 cf.
1160 2416 1373 2459 Eustath.
1394 2416 1453 2459 ad
1470 2418 1607 2463 5265
1625 2431 1668 2472 p.
1685 2421 1783 2469 984,
1797 2421 1821 2460 3

256 2534 436 2578 3titul.
471 2534 576 2577 add
613 2533 689 2578 K²
721 2534 767 2576 in
801 2549 908 2590 mg.
942 2548 1028 2577 om.
1064 2535 1108 2578 U
1143 2537 1157 2591 ΙΙ
1196 2535 1444 2590 4ὡςΚΙ
1488 2534 1566 2577 καὶ
1606 2547 1693 2577 om.
1731 2535 1778 2578 K
1808 2538 1821 2590 ΙΙ

140 2596 252 2635 7-8
293 2592 753 2650 ἐὰν-ἀδιάφορον]
787 2593 966 2648 μακρὸν
1008 2591 1032 2647 ὴ
1075 2594 1221 2651 βραχυ
1255 2594 1304 2636 K
1357 2596 1370 2650 ΙΙ
1425 2598 1450 2636 8
1484 2591 1710 2666 εὐλόγως
1712 2598 1820 2636 ante

137 2652 165 2705 ἡ
199 2653 253 2695 K
278 2654 291 2708 ΙΙ
316 2656 341 2694 9
378 2654 695 2710 βοηθεῖται-
717 2658 768 2694 10
803 2651 853 2696 δὲ
886 2666 972 2696 om.
1010 2654 1054 2697 U
1077 2655 1124 2696 et
1155 2655 1262 2696 ante
1296 2652 1323 2708 ἡ
1358 2652 1511 2707 μακρὰ
1544 2652 1649 2694 add
1684 2649 1776 2707 ἆρα
1807 2656 1819 2709 ΙΙ

141 2716 192 2752 12
228 2709 446 2767 ἐκρατησε
479 2712 522 2755 U
559 2713 572 2767 ΙΙ
615 2716 666 2754 16
699 2718 973 2765 περαιοῦται
1006 2712 1108 2756 UK
1147 2714 1151 2768 Ι
1193 2714 1301 2768 post
1332 2711 1452 2764 λέξιν
1486 2712 1537 2754 Κ
1566 2711 1669 2754 add
1707 2711 1820 2755 οθεν

138 2766 363 2843 ἐπίληπτα
394 2769 451 2813 τὰ
481 2777 675 2813 τοιαῦτα
706 2772 719 2826 ΙΙ
754 2775 805 2812 17
841 2770 891 2814 δὲ
924 2784 1012 2813 om.
1047 2772 1090 2815 U
1124 2773 1129 2827 Ι
1168 2772 1247 2828 ὡς]
1281 2772 1346 2820 εἰς
1380 2772 1455 2825 ΠΙ
1492 2768 1707 2824 ἰσίδωρος
1741 2772 1784 2816 U

140 2833 193 2870 18
226 2829 276 2872 τὸ
311 2843 397 2872 om.
432 2830 475 2873 U
505 2832 518 2885 ΙΙ
553 2835 664 2872 19—
670 2833 724 2872 20
758 2828 989 2886 ἄρχεσθαι
1020 2829 1148 2874 θέλει
1181 2832 1266 2877 ΚΗ
1293 2835 1347 2872 20
1381 2801 1458 2872 καὶΙ
1491 2843 1579 2872 om.
1614 2830 1657 2874 U
1679 2831 1684 2886 Ι
1714 2845 1820 2874 συν-

138 2894 386 2943 ηγοροῦσιν
411 2889 454 2932 U
473 2891 486 2944 ΙΙ
512 2893 566 2931 23
601 2888 649 2932 έν
674 2902 762 2931 om
783 2889 835 2931 Κ
855 2891 868 2944 ΙΙ
894 2893 947 2930 25
975 2888 1216 2947 ἐκέχρηντο
1243 2855 1383 2941 C'aes„
1419 2888 1631 2946 ἐκέχρητο
1657 2890 1788 2932 codd
1812 2891 1815 2947 Ι

139 2963 166 3002 η
200 2946 327 2990 θέλει
360 2949 422 3001 Κ,
455 2948 534 2990 καὶ
566 2946 694 2991 θέλει
727 2946 852 2991 Caes.

227 3029 489 3061 ΗΕΡΗΑΕΜῚΟ
514 3030 570 3060 ed.
597 3029 716 3061 Cous
725 3029 777 3061 br
787 3030 885 3061 uch.
1501 3026 1553 3063 15
