2060 3168
193 889 235 919 10

194 1220 236 1251 15

193 1553 237 1583 20

197 1885 239 1916 25

202 2217 245 2247 30

255 143 363 194 388
1009 142 1187 182 TPIXA

258 283 413 319 στικοῦ
439 274 577 318 πάλιν
601 274 830 323 τοσαύτας
845 271 1068 331 ἀποτέμῃ,
1091 273 1397 331 χοριαμβικὸν
1413 273 1596 328 ποιήσει
1611 274 1662 318 τὸ
1688 273 1866 332 μέτρον.
1885 302 1943 309 -

255 340 382 385 ’Ἐστι
415 342 466 385 δὲ
498 342 616 393 ποὺς
647 338 954 390 ἀντίσπαστος
983 360 1054 382 υ-
1075 360 1147 382 -υ
1171 338 1195 382 ὁ
1222 339 1272 383 ἐκ
1304 338 1523 398 βραχείας
1553 341 1633 384 καὶ
1660 349 1841 398 μακρᾶς
1863 343 1945 386 καὶ

256 415 436 465 μακρᾶς
466 408 546 451 καὶ
578 404 798 466 βραχείας
830 402 932 449 οἷον
960 402 1301 460 (Ἀλέξανδρος’.
1351 404 1496 457 οὕτως
1527 407 1579 450 δὲ
1604 407 1794 464 ἐκλήθη,
1824 407 1938 464 παρ’

258 475 367 519 ὅσον
400 472 773 530 ἀντεσπασμένος
811 472 890 515 καὶ
930 468 1033 515 οἷον
1074 469 1286 521 ἐναντίος
1315 469 1384 522 τίς
1423 472 1516 515 ἐστι
1549 471 1732 531 ἴαμβος·
1777 474 1828 518 τὸ
1862 475 1945 530 μὲν

259 540 345 598 γὰρ
378 541 471 585 ἀπὸ
505 538 724 598 βραχείας
755 539 835 582 καὶ
865 544 1046 594 μακρᾶς
1078 536 1307 595 ἄρχεσθαι
1339 545 1421 582 τοῦ
1455 538 1640 596 ἰάμβου,
1671 540 1724 583 τὸ
1750 541 1801 584 δὲ
1833 540 1945 597 μετὰ

257 614 403 652 ταῦτα
436 607 502 657 εἰς
533 605 716 664 μακρὰν
749 605 829 648 καὶ
861 605 1083 662 βραχεῖαν
1107 606 1323 648 τελευτᾶν
1347 604 1668 661 ἀντικείμενον
1692 609 1755 666 τῷ
1781 606 1944 666 ἰάμβῳ.

380 673 444 716 Τὸ
485 673 536 717 δὲ
577 670 937 716 ἀντισπαστικὸν
978 668 1143 725 μέτρον
1176 669 1249 714 ὁτὲ
1289 671 1372 726 μὲν
1412 672 1630 725 καθαρὸν
1662 671 1946 728 συντίθεται,

260 739 333 783 ὁτὲ
373 738 426 784 δὲ
466 737 727 795 ἐπίμικτον,
769 735 964 795 ἰάμβους
1003 735 1079 780 ἐπὶ
1115 735 1233 780 τέλει
1272 735 1535 794 δεχόμενον.
1599 739 1679 782 καὶ
1710 738 1801 795 μὴν
1833 739 1947 783 ἀλλὰ

259 807 339 850 καὶ
384 806 467 850 τὸν
514 804 741 860 πρότερον
788 801 916 847 πόδα
956 803 1231 859 ἀδιαφόρως
1277 804 1370 862 ἔχει
1407 803 1692 861 τρεπόμενον
1732 805 1851 850 κατὰ
1889 805 1947 850 τὰ

259 872 457 929 τέσσαρα
491 871 698 930 σχήματα
729 877 810 914 τοῦ
851 868 1151 927 δισυλλάβου,
1190 869 1426 914 τουτέστιν
1459 871 1524 921 εἰς
1554 871 1636 921 τὰς
1668 872 1754 915 δύο
1787 875 1947 916 συλλα-

263 939 348 998 βὰς
384 946 467 983 τοῦ
506 936 735 993 προτέρου
774 934 940 987 ποδός·
984 935 1059 979 ὁτὲ
1099 937 1182 991 μὲν
1215 935 1384 994 ἴαμβον
1414 937 1791 996 παραλαμβάνει,
1834 937 1948 983 ’ὅθεν

260 1007 338 1049 καὶ
378 1003 547 1060 κυρίως
587 1003 894 1054 ἀντίσπαστος
932 1000 1130 1059 γίνεται,
1171 1002 1244 1047 ὁτὲ
1285 1002 1336 1047 δὲ
1370 1007 1638 1058 σπονδεῖον,
1680 1004 1754 1049 ὁτὲ
1784 1003 1948 1061 πυρρί-

260 1089 384 1131 χιον,
430 1071 502 1116 ὁτὲ
543 1078 776 1129 τροχαῖον.
846 1073 939 1112 Τοῦ
981 1069 1062 1124 μὲν
1104 1067 1187 1113 οὖν
1235 1073 1453 1126 καθαροῦ
1501 1072 1883 1127 ἀντισπαστικοῦ,
1923 1070 1947 1116 ὃ

262 1139 370 1195 μήτε
410 1136 513 1182 κατ’
544 1137 691 1196 ἀρχὰς
731 1135 797 1186 εἴς
835 1153 940 1179 τινα
979 1143 1070 1179 τῶν
1102 1135 1252 1179 ἄλλων
1285 1136 1570 1195 δισυλλάβων
1604 1137 1798 1194 ἐτράπη,
1839 1137 1949 1194 μήτε

264 1205 339 1248 ἐπὶ
369 1204 486 1248 τέλει
519 1202 739 1261 ἰαμβικὴν
773 1201 960 1254 ἐδέξατο
994 1201 1231 1256 διποδίαν,
1263 1203 1561 1260 παράδειγμα
1587 1204 1632 1248 οἱ
1654 1203 1950 1260 προκείμενοι

261 1271 610 1315 ἀντισπαστικοὶ
652 1267 798 1327 στίχοι
835 1275 968 1323 τρεῖς.
1031 1270 1138 1323 περὶ
1178 1268 1230 1313 δέ
1269 1287 1318 1327 γε
1357 1277 1438 1314 τοῦ
1479 1268 1584 1314 κατ’
1612 1271 1759 1329 ἀρχὰς
1798 1271 1864 1322 εἰς
1893 1271 1950 1315 τὰ

260 1337 456 1392 τέσσαρα
488 1344 569 1381 τοῦ
603 1335 882 1393 δισυλλάβου
920 1334 1127 1392 σχήματα
1158 1335 1444 1392 τρεπομένου
1478 1338 1839 1381 ἀντισπαστικοῢ
1871 1338 1950 1381 καὶ

263 1404 338 1448 ἐπὶ
369 1403 485 1448 τέλει
515 1403 600 1459 τὴν
634 1402 854 1460 ἰαμβικὴν
888 1399 1112 1445 διποδίαν
1145 1401 1398 1461 δεχομένου
1424 1402 1522 1464 ἰδίᾳ
1553 1404 1841 1462 διελάβομεν,
1872 1405 1952 1450 καὶ
1983 1410 2058 1464 (28

262 1471 466 1528 λάμβανε
508 1470 691 1513 ἐκεῖθεν
730 1466 1088 1524 παραδείγματα
1127 1477 1218 1513 τῶν
1259 1468 1522 1526 συμμίκτων
1565 1472 1950 1526 ἁντισπαστικῶν,

264 1536 293 1580 ἃ
332 1537 412 1580 καὶ
441 1534 788 1591 Ἀνακρεόντεια
829 1535 908 1578 καὶ
941 1536 1229 1589 Γλυκώνεια,
1270 1537 1331 1586 ὡς
1362 1536 1459 1581 ἐκεῖ
1488 1537 1686 1593 ἔφαμεν,
1725 1537 1951 1595 λέγονται,

266 1599 329 1648 ὧν
361 1603 389 1659 ἡ
423 1602 543 1661 ἀρχή
577 1602 670 1646 ἐστι

529 1673 691 1725 θηρῶν
724 1666 941 1723 αἰθέριον
975 1666 1158 1719 σκέπας.

268 1736 336 1780 Τὰ
369 1735 525 1792 μέντοι
554 1733 836 1791 προκείμενα
859 1733 966 1789 τρία
993 1735 1078 1791 ἔπη
1104 1736 1439 1779 ἀντισπαστικά
1465 1737 1552 1780 εἰσι
1576 1737 1769 1792 καθαρὰ
1794 1736 1952 1792 τετρά-

264 1819 404 1860 μετρα
436 1801 761 1858 καταληκτικά.

377 1868 674 1925 ςΥφίστανται
707 1869 757 1912 δὲ
792 1868 841 1913 ἐν
874 1868 1018 1926 τούτῳ
1046 1871 1109 1928 τῷ
1135 1866 1280 1928 μέτρῳ
1305 1867 1563 1924 μονόμετρά
1587 1887 1634 1914 τε
1659 1870 1739 1914 καὶ
1764 1868 1953 1926 δίμετρα

267 1938 345 1980 καὶ
385 1935 600 1992 τρίμετρα
641 1936 720 1979 καὶ
758 1937 1061 1990 τετράμετρα,
1101 1935 1180 1978 καὶ
1221 1934 1309 1990 μὴν
1350 1936 1429 1978 καὶ
1459 1936 1771 1992 πεντάμετρα,
1812 1953 1953 1980 κατα-

267 2002 471 2059 ληκτικά,
505 2003 816 2058 ἀκατάληκτα,
848 2002 1250 2057 ὑπερκατάληκτα·
1295 2002 1375 2045 καὶ
1405 2009 1551 2046 ταῦτα
1583 2003 1670 2060 γὰρ
1703 2001 1956 2054 ἀποθέσεις

269 2070 421 2126 ἔχουσι
460 2076 600 2124 τρεῖς,
643 2069 704 2118 ὡς
745 2069 944 2124 ἔφαμεν,
989 2067 1068 2111 διὰ
1100 2067 1150 2111 τὸ
1193 2068 1242 2112 ἐκ
1273 2070 1647 2126 τετρασυλλάβων
1681 2072 1955 2125 συγκεῖσθαι

269 2137 441 2179 ποδῶν.

387 2200 761 2257 Μονόμετρον
810 2200 890 2256 μὲν
939 2198 1023 2245 οὖν
1068 2202 1388 2257 ἀκατάληκτον
1428 2202 1579 2261 <καὶ>
1620 2201 1955 2258 καταληκτικὸν

268 2269 322 2312 οὐ
356 2269 554 2312 δύναται
595 2269 855 2323 ὑποστῆναι
894 2268 1012 2311 κατά
1045 2284 1094 2324 γε
1127 2268 1203 2323 ἐμὲ
1237 2268 1286 2312 ἐν
1318 2271 1380 2327 τῷ
1419 2267 1617 2323 παρόντι
1649 2267 1812 2328 μέτρῳ·
1848 2282 1954 2312 συν-

271 2334 459 2390 εμπέσοι
497 2334 584 2391 γὰρ
627 2334 685 2378 ἄν
726 2351 818 2378 τινι
855 2341 946 2378 τῶν
986 2333 1351 2390 προρρηθέντων
1391 2333 1555 2394 μέτρῳ·
1607 2335 1751 2386 ἄλλως
1789 2351 1836 2378 τε
1875 2335 1955 2378 καὶ

270 2400 379 2445 οὐδέ
410 2418 478 2452 τις
511 2400 698 2456 εὕρηται
730 2408 820 2444 τῶν
853 2403 1064 2445 παλαιῶν
1095 2401 1241 2458 τούτῳ
1274 2401 1580 2458 χρησάμενος,
1625 2398 1729 2444 οὐδ’
1759 2401 1898 2450 αὐτὸς
1929 2399 1952 2444 ὁ

387 2540 411 2576 3
439 2532 731 2587 Ἀλέξανδρος
763 2533 819 2576 cf.
856 2547 960 2589 app.
996 2533 1130 2576 Dion.
1164 2549 1207 2589 p.
1236 2538 1336 2588 309,
1355 2539 1380 2577 4

388 2664 414 2700 4
447 2659 612 2716 ἴαμβος
635 2658 848 2701 fort.de1.
875 2661 888 2713 ΙΙ
916 2664 966 2700 11
1004 2656 1117 2702 ὅθεν
1141 2658 1278 2714 Jung,
1314 2658 1387 2703 ὁτὲ
1413 2660 1518 2703 PK
1537 2662 1550 2715 ΙΙ
1578 2664 1630 2701 13
1665 2657 1708 2717 ὃ]
1742 2657 1791 2708 ὃς
1816 2659 1922 2701 PK
1939 2658 1954 2717 Η

275 2722 443 2760 15-16
477 2718 824 2761 ἀντισπαστικοὶ
858 2716 901 2760 οἱ
933 2717 1229 2772 προκείμενοι
1255 2719 1308 2771 Ρ,
1343 2719 1423 2760 sed
1456 2719 1549 2760 iam
1574 2718 1645 2762 P1
1677 2720 1854 2760 rectum
1883 2732 1953 2760 01·-

272 2777 427 2819 dinem
451 2777 659 2819 restituit
682 2781 695 2831 11
721 2782 773 2818 21
801 2776 828 2831 ἡ
855 2790 940 2819 0111
962 2778 1075 2830 PK,
1109 2777 1215 2819 add.
1243 2777 1321 2820 K²
1344 2785 1358 2831 ιι
1383 2782 1436 2819 22
1462 2780 1657 2832 θηραῶν
1684 2777 1737 2820 Κ
1755 2779 1769 2831 ΙΙ
1795 2780 1848 2818 26
1875 2777 1954 2819 καὶ

271 2835 461 2937 {313¹}ng
490 2850 575 2877 om.
604 2838 648 2879 P
679 2838 692 2891 ΙΙ
730 2841 784 2877 30
817 2835 895 2878 καὶ
928 2835 1034 2877 add.
1067 2835 1192 2892 Jung
1229 2837 1243 2891 ΙΙ
1284 2840 1338 2878 32
1371 2835 1545 2891 μέτρων
1577 2837 1620 2879 L
1656 2838 1661 2891 Ι
1706 2836 1783 2878 καὶ
1813 2835 1952 2892 Jung,

305 2910 323 2937 ε
