2060 3168
214 172 321 225 316
797 175 1047 217 APPEND.
1081 175 1320 217 DIONYS.

213 307 303 361 καὶ
349 309 482 374 μετὰ
528 309 761 370 τούτους
799 311 928 370 τοὺς
967 309 1107 375 δύο>
1147 309 1320 370 πόδας
1359 306 1627 376 ἐπιζητεῖν
1666 309 1767 378 χρὴ
1807 308 1899 363 καὶ

214 390 497 457 συλλαβὴν
543 385 711 451 αὖθις
757 390 835 450 εἰς
881 390 940 440 τὸ
990 388 1159 458 πέρας
1196 396 1295 442 τοῦ
1337 387 1648 458 ἐλεγειακοῦ
1690 393 1898 459 στίχου,

213 470 245 539 ἢ
284 471 498 540 μακρὰν
530 470 562 539 ἢ
600 473 875 539 βραχεῖαν.
939 471 1126 532 καθὼς
1167 471 1270 539 γὰρ
1305 469 1530 540 εἴρηται,
1569 469 1655 524 ἐπὶ
1696 473 1900 534 παντὸς

211 551 413 618 μέτρου
461 550 765 619 ἀδιάφορος
815 549 965 603 ἐστιν
1005 551 1036 619 ἡ
1077 553 1359 604 τελευταία
1397 559 1497 604 τοῦ
1538 553 1727 620 στίχου
1768 557 1898 606 συλ-

169 653 188 686 5
214 634 366 700 λαβή.

383 793 648 865 Ἑτέρως
685 793 832 863 περὶ
872 802 985 847 τοῦ
1029 795 1411 863 ἐλεγειακοῦ
1452 794 1709 864 μέτρου.

323 907 369 958 3.
433 907 505 958 Τὸ
562 905 870 973 ἐλεγειακὸν
925 905 1124 976 μέτρον
1172 909 1492 960 συνίσταται
1546 915 1747 960 τοῦτον
1799 907 1899 960 τὸν

212 989 438 1054 τρόπον·
493 984 607 1039 ἔστι
649 988 830 1055 στίχος
869 990 1199 1055 τεμνόμενος
1238 990 1315 1051 εἰς
1355 989 1457 1042 δύο
1497 994 1898 1057 πενθημιμερῆ,

213 1060 333 1120 οἷον

146 1171 187 1203 10
285 1151 493 1216 Νήϊδες
533 1153 590 1203 οἳ
617 1150 851 1219 Μούσης
887 1150 988 1202 οὐκ
1021 1149 1277 1218 ἐγένοντο
1311 1152 1465 1220 φίλοι
1491 1148 1721 1221 (Gallim.
1747 1147 1897 1220 488).

211 1230 348 1283 ἀλλὰ
402 1231 462 1283 τὸ
518 1233 787 1300 πρότερον
842 1229 1245 1302 πενθημιμερὲς
1293 1231 1625 1300 συνέστηκεν
1680 1230 1737 1283 ἐκ
1792 1231 1896 1283 δύο

210 1313 398 1365 ποδῶν
436 1311 527 1364 καὶ
561 1315 836 1380 συλλαβῆς
867 1321 1097 1382 μακρᾶς.
1137 1315 1259 1382 ἤτοι
1292 1316 1400 1382 ἔχει
1433 1313 1535 1365 δύο
1569 1313 1898 1374 σπονδείους

209 1392 241 1460 ἢ
283 1395 384 1446 δύο
425 1395 730 1456 δακτύλους
766 1395 798 1463 ἢ
831 1396 1128 1448 σπονδεῖον
1166 1393 1257 1447 καὶ
1297 1396 1587 1462 δάκτυλον,
1628 1392 1660 1461 ἢ
1701 1394 1896 1446 δάκτυ-

210 1478 309 1527 λον
347 1473 437 1527 καὶ
478 1477 796 1529 σπονδεῖον·
836 1475 1201 1544 κινουμένους
1239 1477 1343 1545 γὰρ
1384 1473 1492 1544 ἔχει
1535 1478 1663 1538 τοὺς
1709 1476 1896 1536 πόδας.

145 1578 186 1609 15
211 1557 271 1608 τὸ
312 1553 372 1608 δὲ
413 1557 675 1625 δεύτερον
714 1554 1119 1626 πενθημιμερὲς
1149 1556 1367 1620 πάντως
1398 1555 1508 1626 ἔχει
1539 1559 1669 1619 τοὺς
1701 1557 1897 1609 δακτύ-

210 1641 343 1699 λους
398 1637 499 1690 δύο
559 1637 650 1690 καὶ
704 1639 806 1707 τὴν
858 1640 1177 1691 τελευταίαν
1233 1640 1515 1706 συλλαβὴν
1569 1637 1897 1707 ἀδιάφορον.

210 1717 296 1771 ἐπὶ
343 1720 546 1782 παντὸς
592 1721 695 1788 γὰρ
743 1718 945 1790 μέτρου
986 1719 1291 1788 ἀδιάφορός
1339 1719 1487 1772 ἐστιν
1533 1720 1565 1787 ἡ
1613 1720 1897 1772 τελευταία

211 1801 453 1868 συλλαβὴ
495 1801 566 1863 ὡς
607 1799 694 1853 ἐπὶ
734 1802 794 1853 τὸ
833 1805 1092 1854 πλεῖστον
1132 1800 1205 1863 ὡς
1244 1799 1333 1853 καὶ
1375 1801 1406 1869 ἡ
1445 1802 1645 1869 πρώτη.

947 1991 1071 2061 Cap.
1098 1992 1162 2045 V.

142 2131 184 2162 20
594 2110 755 2181 Περὶ
796 2121 921 2164 τῶν
960 2110 1515 2180 Άνακρεοντείων.

323 2230 367 2281 1.
431 2231 507 2282 Τὰ
547 2229 972 2298 Άνακρεόντεια·
1029 2228 1372 2298 ἐπιδέχονται
1420 2229 1603 2281 αὐτῶν
1650 2230 1702 2282 οἱ
1750 2223 1892 2282 οἶκοι

208 2309 546 2363 ἀνάπαιστον
585 2312 674 2362 καὶ
715 2311 815 2363 δύο
859 2311 1088 2377 ἰάμβους
1119 2311 1207 2362 καὶ
1240 2312 1372 2379 μίαν
1403 2311 1662 2380 περιττὴν
1695 2314 1895 2363 συλλα-

207 2393 330 2459 βήν,
372 2385 493 2444 οἷον

547 2465 651 2518 ἀπὸ
692 2472 791 2518 τοῦ
834 2467 1000 2518 λίθου
1039 2466 1100 2518 τὸ
1141 2466 1388 2535 ῥεῖθρον.

327 2629 351 2666 6
397 2624 566 2668 schol.B
600 2629 706 2678 284,
736 2628 761 2666 8
816 2627 829 2680 Η
884 2629 908 2667 8
954 2625 1093 2668 schol.
1136 2625 1185 2667 in
1225 2625 1357 2668 Dion.
1392 2625 1498 2668 Thr.
1533 2629 1632 2678 307,
1661 2629 1832 2667 14—19
1878 2627 1893 2681 ΙΙ

208 2686 263 2725 20
295 2683 386 2726 AV
413 2688 508 2726 157.
552 2710 606 2716 —-
647 2684 818 2727 schol.¹³
845 2683 941 2726 XV.
1004 2684 1076 2727 Ps.
1101 2683 1250 2739 Heph.
1284 2689 1307 2736 ξ
1333 2684 1395 2727 81³.
1431 2688 1518 2727 22⁸.
1583 2685 1667 2727 An.
1696 2682 1815 2727 Chis.
1845 2688 1893 2726 7⁸

326 2805 350 2842 8
384 2804 741 2857 πενθημιμερεῖς
773 2803 817 2844 Ρ
845 2803 859 2856 ΙΙ
894 2806 946 2844 10
979 2799 1147 2856 ἡνίδεω
1180 2803 1226 2845 P
1253 2804 1267 2857 Η
1295 2806 1347 2845 15
1380 2802 1488 2853 τοὺς
1519 2815 1605 2845 om.
1641 2801 1722 2844 alii
1756 2802 1888 2845 codd.

207 2859 616 2974 gargdlssssgssffl)
642 2863 655 2916 ΙΙ
682 2865 735 2902 18
770 2861 829 2909 ὡς
862 2860 937 2903 ἐπὶ
955 2886 1008 2892 -
1027 2861 1181 2916 πρώτη
1216 2875 1302 2903 om.
1329 2863 1454 2904 recte
1489 2860 1570 2904 alii
1603 2860 1734 2904 codd.
1763 2863 1816 2916 (e.
1843 2875 1886 2916 g.
