2060 3168
576 164 842 205 EPITOME
873 164 1375 206 HEPHAESTIONEA
1711 164 1816 217 361

129 292 266 345 ταίας
295 296 462 353 χώρας,
494 295 561 347 εἰς
591 293 651 351 ἣν
682 295 765 339 τὸν
795 295 1015 352 κρητικὸν
1046 295 1486 354 παραλαμβάνουσι·
1520 298 1601 342 καὶ
1625 297 1743 342 οὕτω
1767 298 1819 341 τὸ

130 362 513 418 πολυθρύλλητον
542 361 846 419 τετράμετρον
877 360 1212 416 προστιθέασιν
1245 361 1498 419 (Aristoph.
1524 362 1578 407 fr.
1600 366 1701 420 110)

398 425 432 473 ὦ
465 428 573 473 πόλι
605 427 715 485 φίλη
749 427 1004 484 Κέκροπος,
1036 429 1270 485 αὐτοφυὲς
1299 427 1481 484 Ἀττική.

250 507 289 546 8.
330 500 699 559 ᾍκατάληκτα
730 507 934 547 καλεῖται
968 502 1131 559 μέτρα,
1172 500 1259 546 ὅσα
1288 502 1370 547 τὸν
1400 506 1663 567 τελευταῖον
1695 503 1821 549 πόδα

131 568 382 625 ὁλόκληρον
415 570 520 627 ἔχει,
553 567 654 614 οἷον
687 570 762 614 ἐπὶ
794 571 1072 614 δακτυλικοῦ
1105 569 1268 626 (Alcm.
1287 571 1361 626 45)
1408 588 1413 589 ⁷
1869 586 1891 618 5

397 633 535 681 Μῶσ’
565 636 648 692 ἄγε
680 635 923 681 Καλλιόπα
954 636 1162 694 θύγατερ
1195 635 1322 687 Διός.

131 702 535 760 Καταληκτικά
575 703 627 748 δὲ
668 701 751 746 ’ὅσα
791 701 1103 760 μεμειωμένον
1145 703 1234 760 ἔχει
1271 703 1355 747 τὸν
1386 706 1650 748 τελευταῖον
1680 702 1821 758 πόδα,

133 766 236 813 οἶον
270 770 344 814 ἐπὶ
377 770 595 828 ἰαμβικοῦ
629 769 819 826 (Sapph.
840 772 943 826 103)

398 834 583 895 χαίροις
613 835 642 880 ἁ
676 836 852 892 νύμφα,
884 835 1079 895 χαιρέτω
1113 834 1159 882 δ’
1189 835 1212 880 ὁ
1247 835 1463 895 γαμβρός.

132 902 215 948 ἐὰν
247 902 299 948 δὲ
330 902 630 961 τρισύλλαβος
661 898 689 962 ᾖ
721 902 745 947 ὁ
777 904 897 954 ποὺς
921 902 944 947 ὁ
971 910 1196 947 συνιστῶν
1219 903 1271 947 τὸ
1304 902 1486 960 μέτρον,
1518 903 1717 948 δύναται
1742 905 1822 948 καὶ
1847 919 1890 950 10

130 969 259 1026 παρὰ
292 970 378 1015 δύο
410 969 639 1027 συλλαβὰς
671 966 794 1014 εἶναι
823 970 875 1014 τὸ
907 968 1261 1026 καταληκτικόν,
1298 967 1401 1015 οἷον
1434 970 1511 1014 ἐπὶ
1542 972 1821 1015 δακτυλικοῦ

131 1036 322 1094 (Archil.
351 1042 449 1092 104,
472 1039 515 1092 2)

399 1104 448 1148 ἐν
481 1102 532 1148 δὲ
565 1102 899 1160 Βατουσιάδης.

132 1178 340 1223 ἐνταῦθα
381 1177 469 1235 γὰρ
500 1176 530 1234 ἡ
563 1181 649 1234 δης
680 1177 878 1236 συλλαβὴ
919 1177 1025 1222 ἀντὶ
1064 1179 1294 1222 δακτύλου
1325 1186 1474 1222 κεῖται
1504 1178 1820 1238 τρισυλλάβου.

130 1241 232 1288 Ἐπὶ
274 1243 324 1289 δὲ
363 1252 455 1288 τῶν
493 1244 718 1288 τοιούτων
756 1244 808 1288 τὸ
849 1243 932 1301 μὲν
964 1244 1093 1299 παρὰ
1126 1244 1354 1303 συλλαβὴν
1386 1247 1593 1289 καλεῖται
1623 1248 1819 1301 καταλη-
1848 1259 1891 1292 15

131 1311 291 1355 κτικὸν
324 1312 391 1363 εἰς
420 1311 715 1370 δισύλλαβον,
746 1311 798 1355 τὸ
832 1311 884 1356 δὲ
914 1311 1045 1366 παρὰ
1070 1311 1156 1354 δύο
1182 1310 1411 1369 συλλαβὰς
1441 1314 1649 1355 καλεῖται
1679 1328 1821 1355 κατα-

130 1378 347 1435 ληκτικὸν
379 1379 446 1430 εἰς
477 1377 720 1436 συλλαβήν.
755 1405 810 1410 -
844 1376 1250 1436 Βραχυκατάλη
1263 1394 1362 1421 κτα
1402 1377 1453 1422 δὲ
1485 1381 1705 1432 καλεῖται,
1738 1376 1822 1422 ὅσα

131 1446 181 1491 ἐκ
213 1443 432 1496 διποδίας
472 1445 547 1490 ἐπὶ
583 1443 742 1497 τέλους
774 1442 860 1505 ’ὅλῳ
899 1446 1013 1489 ποδὶ
1051 1442 1320 1501 μεμείωται,
1361 1441 1464 1488 οἷον
1497 1444 1572 1488 ἐπὶ
1604 1445 1822 1502 ἰαμβικοῦ

131 1512 203 1569 (fr.
229 1512 312 1568 lyr.
341 1511 415 1555 ad.
439 1513 515 1568 45)

398 1576 476 1636 ἄγ’
505 1576 609 1622 αὖτ’
640 1579 686 1629 ἐς
718 1574 849 1623 οἶκον
879 1579 962 1624 τὸν
993 1577 1298 1637 Καλησίππω.
1849 1593 1893 1624 20

132 1654 343 1698 ἐνταῦθα
375 1653 463 1711 γὰρ
496 1653 519 1697 ὁ
555 1660 707 1697 ’σι’ππω
739 1654 858 1704 ποὺς
889 1654 995 1697 ἀντὶ
1028 1651 1132 1710 ὅλης
1160 1654 1378 1712 ἰαμβικῆς
1409 1659 1557 1696 κεῖται
1588 1650 1823 1705 διποδίας,

131 1718 193 1764 ἵν’
226 1713 254 1779 ᾖ
284 1718 536 1777 τρίμετρον.
572 1747 627 1753 -
654 1717 1143 1777 ’Τπερκατάληκτα
1183 1719 1257 1774 δέ,
1302 1718 1388 1763 ὅσα
1427 1718 1544 1774 πρὸς
1574 1723 1636 1779 τῷ
1668 1717 1822 1778 τελείῳ

131 1786 540 1845 προσλαμβάνουσι
574 1786 710 1843 μέρος
739 1786 900 1842 ποδός,
932 1784 1033 1831 οἷον
1066 1786 1143 1830 ἐπὶ
1174 1787 1393 1844 ἰαμβικοῦ

399 1853 549 1912 βλύζει
580 1854 632 1898 τὸ
666 1851 859 1911 ῥεῖθρον
892 1853 1078 1911 εὐμενὲς
1107 1853 1160 1897 τὸ
1192 1861 1284 1898 τῶν
1315 1850 1531 1911 χαρίτων.

133 1921 329 1965 δύναται
365 1919 417 1965 δὲ
449 1921 528 1963 καὶ
561 1919 819 1980 δισυλλάβῳ
851 1920 1158 1976 περιττεύειν,
1190 1919 1368 1964 ὁπόταν
1401 1919 1618 1972 ἑκάτερος
1647 1928 1739 1964 τῶν
1771 1919 1821 1963 έν
1847 1932 1891 1965 25

130 1994 184 2046 τῇ
219 1985 409 2048 συζυγίᾳ
448 1990 609 2032 ποδῶν
640 1987 939 2045 τρισύλλαβος
970 1982 1020 2046 ᾖ,
1060 1983 1162 2030 οἷον
1195 1984 1269 2031 ἐπ’
1299 1985 1641 2031 ἀναπαιστικοῦ
1673 1986 1822 2044 (Tele—

132 2053 239 2097 silla
273 2057 315 2109 1)

400 2109 506 2158 οὐδ’
534 2113 745 2169 Ἄρτεμις,
777 2108 812 2156 ὦ
845 2111 1002 2168 κόραι·

131 2193 268 2230 τοῦτο
316 2186 403 2243 γὰρ
444 2187 561 2242 πρὸς
597 2194 651 2245 τῇ
698 2186 928 2246 ὁλοκλήρῳ
969 2184 1158 2247 συζυγίᾳ
1198 2187 1476 2244 δισύλλαβον
1516 2186 1615 2244 ἔσχε
1657 2188 1709 2230 τὸ
1752 2202 1822 2230 τε-

131 2256 357 2297 λευταῖον.
1847 2265 1891 2297 3ο

247 2322 291 2362 ’9.
339 2320 402 2363 Τὸ
444 2320 682 2364 ἰωνικὸν
721 2318 888 2377 μέτρον
928 2319 1083 2365 διττόν
1116 2319 1232 2374 ἐστι,
1274 2320 1325 2363 τὸ
1359 2318 1441 2375 μὲν
1473 2319 1567 2363 ἀπὸ
1600 2317 1822 2376 μείζονος,

132 2386 184 2431 τὸ
226 2384 269 2431 δ’
307 2383 390 2429 ἀπ’
430 2386 692 2437 ἐλάσσονος·
742 2383 1014 2431 συντίθεται
1053 2383 1138 2430 οὖν
1186 2387 1265 2430 καὶ
1304 2383 1422 2429 καθ’
1458 2386 1571 2429 αὑτὸ
1612 2385 1822 2441 ἄμικτον,

133 2451 406 2497 συντίθεται
437 2451 489 2497 δὲ
522 2454 597 2496 καὶ
627 2451 938 2512 <ἑπίμικτον>
969 2453 1085 2507 πρὸς
1115 2452 1198 2503 τὰς
1220 2452 1470 2511 τροχαϊκὰς
1502 2450 1731 2508 συζυγίας,
1763 2453 1824 2503 ὡς

134 2517 406 2578 συμβαίνειν
437 2520 769 2563 ἀποτελεῖσθαι
802 2520 851 2564 ἐκ
882 2520 1058 2563 τούτων
1090 2517 1302 2569 παίωνας
1332 2526 1516 2573 πρῶτον
1548 2520 1626 2562 καὶ
1651 2517 1822 2574 τρίτον,

134 2584 392 2640 ἐπιτρίτους
429 2585 648 2640 δεύτερον
681 2586 760 2629 καὶ
791 2584 1028 2641 τέταρτον·
1071 2586 1111 2630 εἰ
1149 2584 1232 2642 μὲν
1265 2585 1351 2642 γὰρ
1385 2585 1478 2628 ἀπὸ
1511 2582 1720 2640 μείζονος
1751 2584 1820 2641 εἴη
1846 2598 1890 2630 35

255 2738 276 2775 1
310 2733 411 2790 τὸν]
445 2733 496 2777 τὸ
528 2735 574 2777 Ρ
609 2735 622 2789 ΙΙ
662 2739 687 2776 2
719 2731 1046 2806 προστιθέασι]
1080 2732 1352 2777 συντιθέασι
1383 2733 1550 2804 Heph.
1573 2734 1587 2789 ΙΙ
1627 2739 1652 2775 3
1686 2734 1822 2776 αὐτο-

135 2791 257 2847 φυὴς
288 2793 334 2836 Ρ
360 2794 374 2848 ΙΙ
401 2797 454 2835 16
488 2791 789 2850 δισυλλαβίαν
821 2794 867 2837 Ρ
887 2795 901 2850 ΙΙ
927 2797 981 2837 18
1015 2791 1183 2851 ἰαμβίω
1215 2794 1261 2837 Ρ
1292 2795 1306 2849 ξΙ
1339 2797 1393 2835 ‘2’
1429 2789 1494 2834 ιν’
1525 2784 1552 2850 ᾖ
1582 2789 1822 2847 τρίμετρον

136 2864 222 2894 om.
249 2850 398 2906 Heph.
424 2853 439 2907 ΙΙ
464 2856 519 2894 24
552 2865 732 2895 versum
757 2852 1066 2907 Byzantiuum
1101 2865 1199 2895 esse
1232 2866 1351 2895 cens.
1375 2851 1563 2894 Wilam.
1589 2853 1603 2907 ΙΙ
1629 2856 1683 2894 25
1716 2850 1822 2896 ἑκά-

136 2925 268 2964 τερον
302 2911 351 2954 D
374 2912 388 2966 ΙΙ
413 2914 468 2953 26
500 2911 803 2968 τρισύλλαβον
835 2912 883 2954 D
908 2913 922 2967 ΙΙ
947 2916 1001 2954 28
1036 2908 1164 2969 οὐδ’]
1197 2908 1278 2954 ἅδ’
1307 2910 1455 2966 Heph.
