2060 3168
236 169 343 221 362
678 172 942 213 EPITOME
974 171 1480 214 HEPHAESTIONEA

237 303 316 346 καὶ
355 301 383 358 ἡ
423 303 578 358 πρώτη
619 303 746 361 χώρα
784 302 867 346 τὸν
898 309 1118 361 τροχαῖον
1150 301 1354 360 δέχεται,
1396 311 1526 347 ποιεῖ
1553 305 1635 349 τὸν
1669 305 1927 365 (πρῶτον)

237 366 424 412 παίωνα
464 407 489 412 -
515 390 678 423 uuo,
724 368 843 412 κατὰ
891 368 942 413 δὲ
989 368 1074 425 τὴν
1118 367 1342 424 δευτέραν
1388 370 1544 426 χώραν
1591 370 1806 428 κειμένου
1845 379 1928 416 τοῦ

237 433 455 492 τροχαίου
487 433 663 492 γίνεται
697 435 720 478 ὁ
752 434 968 489 τέταρτος
1001 433 1231 490 ἐπίτριτος
1259 448 1443 479 :zoes
1478 437 1520 481 εἰ
1551 436 1603 482 δὲ
1627 435 1710 481 ἀπ’
1741 437 1927 482 ἐλάσσο-

238 519 318 552 νος
349 501 419 558 εἴη
452 503 532 546 καὶ
563 502 591 558 ἡ
624 503 779 558 πρώτη
819 503 946 560 χώρα
977 502 1059 545 τὸν
1090 509 1309 559 τροχαῖον
1341 502 1524 561 δέχεται
1555 512 1682 548 ποιεῖ
1708 505 1791 549 τὸν
1823 505 1928 549 δεύ-

193 580 213 610 5
237 586 371 624 τερον
412 567 644 624 ἐπίτριτον
675 582 858 622 ῦῡῐῑ,
898 566 1120 625 τροχαίου
1159 568 1211 612 δὲ
1250 569 1370 613 κατὰ
1400 569 1485 626 τὴν
1517 569 1740 626 δευτέραν
1770 573 1928 628 χώραν

239 635 451 692 κειμένου
490 636 781 680 ἀποτελεῖται
822 635 845 679 ὁ
885 632 1038 691 τρίτος
1077 634 1230 680 παίων
1262 649 1447 680 ῠῠῖε.
1511 635 1634 680 ἔστιν
1673 635 1744 682 ὅτε
1784 638 1812 694 ἡ
1845 637 1928 694 μὲν

237 701 364 759 τρίτη
397 703 631 758 παιωνικὴ
665 709 952 756 συναιρεῖται
985 703 1050 752 εἰς
1089 702 1475 760 παλιμβάκχειον,
1514 709 1597 760 τῆς
1627 703 1678 749 δὲ
1711 703 1926 761 ἐπιφερο-

238 769 377 825 μένης
415 776 664 826 τροχαϊκῆς
704 768 727 812 ὁ
767 768 991 823 πρότερος
1029 769 1185 813 λύεται
1225 770 1291 820 εἰς
1320 767 1586 827 τρίβραχυν.
1651 767 1928 827 ἐμπίπτουσι

238 836 289 880 δὲ
329 838 409 880 καὶ
449 836 493 880 οἱ
534 836 744 892 μολοττοὶ
777 836 827 880 ἐν
858 835 1059 890 τούτοις,
1100 831 1201 878 ἀλλ’
1230 837 1280 880 ἐν
1310 843 1407 886 τοῖς
1438 835 1531 880 ἀπὸ
1564 835 1771 893 μείζονος
1803 838 1927 880 ἰωνι-

173 911 214 942 10
239 910 339 953 κοῖς
371 903 445 947 ἐπὶ
477 910 567 946 τῶν
602 900 772 957 ἀρτίων
810 909 995 959 χωρῶν,
1034 903 1085 947 ἐν
1125 901 1177 946 δὲ
1208 909 1306 954 τοῖς
1336 901 1422 946 ἀπ’
1451 903 1698 953 ἐλάσσονος
1729 904 1806 948 ἐπὶ
1835 911 1928 947 τῶν

237 977 475 1025 περιττῶν.
504 996 558 1000 -
585 969 775 1012 ἰωνικὸν
801 969 894 1012 ἀπὸ
927 967 1136 1024 μείζονος
1160 1007 1185 1012 -
1205 1007 1229 1012 -
1248 991 1277 1012 υ
1293 991 1344 1023 υ,
1376 967 1460 1012 ἀπ’
1484 969 1730 1022 ἐλάσσονος
1755 992 1863 1014 uu-
1879 1005 1926 1014 -.

359 1040 425 1078 10.
471 1035 667 1094 Δέχεται
705 1036 757 1079 τὸ
792 1035 1082 1090 Πινδαρικὸν
1115 1035 1497 1093 ἐπιχοριαμβικὸν
1536 1035 1657 1080 κατὰ
1687 1036 1772 1092 τὴν
1803 1037 1927 1092 πρώ-

238 1119 320 1158 την
353 1104 507 1160 χώραν
540 1100 867 1156 ἀντίσπαστον,
900 1101 1018 1145 κατὰ
1042 1102 1126 1157 τὴν
1153 1100 1374 1157 δευτέραν
1398 1100 1671 1161 χορίαμβον,
1703 1102 1822 1147 κατὰ
1845 1102 1928 1159 τὴν

237 1168 395 1226 τρίτην
435 1170 604 1228 ἴαμβον
644 1170 725 1212 καὶ
764 1169 992 1226 συλλαβὴν
1034 1168 1323 1224 ἀδιάφορον,
1364 1169 1425 1220 ὡς
1466 1165 1587 1212 εἶναι
1626 1169 1678 1213 τὸ
1714 1167 1819 1214 ὅλον
1853 1166 1928 1214 ἕν-

172 1242 213 1274 15
239 1237 596 1294 δεκασύλλαβον,
629 1233 732 1280 οἷον
765 1236 914 1292 <Pind.
940 1235 995 1277 fr.
1022 1237 1124 1292 116)

506 1303 528 1347 ὁ
561 1302 871 1360 Μουσαγέτας
901 1319 954 1358 με
986 1305 1118 1346 καλεῖ
1145 1309 1376 1385 χορεῦσαι.

236 1372 288 1414 τὸ
322 1370 372 1415 δε
405 1370 659 1426 Σαπφικὸν
692 1370 810 1413 κατὰ
842 1369 997 1413 πάντα
1029 1369 1079 1413 τὸ
1113 1369 1224 1413 αὐτό
1259 1370 1367 1423 ἐστι,
1399 1369 1519 1426 πλὴν
1551 1369 1670 1413 κατὰ
1692 1369 1777 1426 τὴν
1801 1370 1926 1425 πρώ-

238 1455 320 1494 την
352 1439 509 1495 χώραν
541 1436 722 1494 δέχεται
754 1437 860 1480 ἀντὶ
892 1434 1206 1480 ἀντίσπαστον
1241 1433 1459 1491 συζυγίαν
1491 1435 1743 1518 τροχαϊκὴν
1768 1434 1796 1492 ἢ
1823 1435 1926 1488 ἑξά-

239 1519 384 1560 σημον
418 1543 443 1547 -
461 1527 531 1547 υ-
549 1527 578 1546 υ
611 1502 638 1558 ἢ
673 1503 935 1560 επτάσημον
961 1501 1164 1552 οὕτως-
1230 1540 1254 1545 -
1273 1537 1321 1556 -,
1355 1501 1468 1546 ὥστε
1492 1502 1542 1546 τὸ
1568 1503 1722 1558 παρὸν
1748 1501 1926 1561 &know

171 1576 214 1607 20
238 1568 360 1615 εἶναι
391 1571 648 1626 Σαπφικὸν
681 1568 708 1626 ὴ
741 1568 1045 1624 Πινδαρικόν.

359 1724 411 1762 12
446 1718 503 1762 cf.
527 1723 665 1773 44‚13
690 1719 704 1774 ΙΙ
728 1718 777 1761 in
808 1718 900 1762 fine
933 1718 1038 1761 add.
1063 1719 1108 1760 P
1138 1718 1190 1761 οὐ
1216 1715 1336 1761 λείπ’
1360 1714 1555 1762 ἐνταῦθ’
1580 1715 1640 1768 ὥς
1663 1734 1741 1775 μοι
1766 1719 1925 1763 δοκεῖν
