2060 3168
0 783 10 831 ,

0 875 14 1374 ξ

0 1380 20 1636 Ξ

0 2707 7 2802 -,...-
0 2594 11 2701 „pu-vv
0 2392 10 2576 *varona—v-
0 2050 14 2383 w-''WV-q

21 1565 107 1604 132

70 1563 125 1688 28)
158 1639 538 1705 συγκείμενος,
579 1635 785 1705 ἐκλήθη
827 1633 887 1689 δε
928 1636 1102 1699 ούτως
1140 1657 1172 1704 η
1214 1635 1318 1688 ἀπὸ
1353 1634 1571 1704 Ἰάμβης
1609 1642 1705 1703 τῆς
1746 1637 1850 1687 Κε-

746 118 833 160 xx
862 118 1009 160 ΠΕΡΙ
1038 117 1255 160 nomn
1740 115 1849 168 299

162 259 249 308 λοι
281 254 343 307 δὲ
375 252 480 306 ἀπὸ
511 261 610 306 τοῦ
644 253 880 322 Πύρρου
911 252 1350 322 παρωνομάσθαι
1384 252 1611 319 <φασί>·
1652 253 1849 323 πρώτῳ

161 337 266 406 γὰρ
304 335 480 406 τούτῳ
522 333 582 387 ἐκ
619 343 719 388 τοῦ
759 335 992 403 δουρίου
1024 334 1197 387 ἵππου
1236 335 1545 402 πηδήσαντι
1578 332 1851 386 ἐπινίκιον

160 417 341 483 ὕμνον
372 415 679 469 συνέθεντο
712 423 972 469 τοιοῦτον
1002 413 1197 485 ἔχοντα
1232 414 1450 484 μέτρον.
1515 418 1756 468 καλεῖται
1789 411 1851 467 δὲ

159 498 308 566 παρά
344 512 455 550 τισι
495 497 584 550 καὶ
623 499 1015 566 παρίαμβος,
1063 495 1250 565 ἐπειδὴ
1288 495 1416 565 περὶ
1436 497 1528 567 ,τὰ
1573 495 1698 564 τέλη
1739 504 1852 548 τῶν

162 581 426 647 ἰαμβείων
464 577 678 647 μέτρων
717 578 1047 647 εὑρίσκεται·
1087 578 1120 646 ἢ
1161 578 1244 631 ὅτι
1283 579 1576 646 πυρρίχιος
1607 578 1697 630 καὶ
1731 582 1851 643 ἴαμ-
1897 598 1917 631 5

160 663 259 728 βος
302 660 450 727 παρά
487 680 539 713 τι
581 659 765 726 ὅμοιοί
809 662 939 727 εἰσι,
991 659 1115 728 περὶ
1154 660 1256 728 τὴν
1296 658 1528 728 ἐσχάτην
1568 659 1851 727 συλλαβὴν

161 742 608 808 διαλλάσσοντες,
654 741 774 809 ἥτις
820 740 970 794 ἐστὶν
1017 740 1324 810 ἀδιάφορος
1371 739 1457 792 ἐπὶ
1509 740 1715 802 παντὸς
1760 738 1850 806 μέ-

159 844 310 891 τρου.
388 824 545 875 ἄλλοι
592 819 652 875 δὲ
699 821 790 875 καὶ
837 823 1126 892 ἡγεμόνα
1172 822 1346 890 φασὶν
1393 821 1589 884 αὐτόν,
1640 820 1755 874 ἐπεὶ
1795 819 1849 884 ἐξ

160 904 332 957 αὐτοῦ
373 905 431 956 οἱ
466 905 624 956 ἄλλοι
662 905 844 966 πόδες.
909 899 1087 966 Οὗτος
1127 904 1188 957 δὲ
1226 904 1384 956 κατὰ
1422 904 1588 956 πόδα
1626 899 1742 969 μὲν
1774 902 1850 955 οὐ

159 987 458 1052 βαίνεται
499 986 591 1037 διὰ
630 985 690 1037 τὸ
733 986 1084 1038 κατάπυκνον
1123 987 1382 1053 γίνεσθαι
1413 986 1515 1053 τὴν
1553 984 1720 1053 βάσιν
1758 984 1848 1036 καὶ
1875 1006 1919 1037 ιο

160 1071 488 1135 συγχεῖσθαι
510 1067 611 1134 τὴν
629 1071 911 1135 αἴσθησιν,
933 1067 1068 1119 κατὰ
1094 1067 1356 1120 διποδίαν
1374 1062 1435 1118 δὲ
1454 1065 1852 1132 συντιθέμενος

160 1148 250 1200 καὶ
265 1148 364 1200 τὸν
387 1149 924 1216 προκελευσματικὸν
939 1157 1117 1200 ποιῶν
1134 1148 1199 1199 τὰ
1223 1148 1534 1214 καλούμενα
1558 1149 1850 1215 προκελευ-

162 1231 394 1297 σματικὰ
432 1230 465 1298 ἢ
504 1231 838 1298 πυρριχιακόε
883 1228 1051 1297 μέτρα
1097 1237 1268 1296 ποιεῖ,
1313 1224 1392 1281 ὧν
1437 1228 1851 1297 παραδείγματα

309 1315 396 1363 ἴθι
434 1313 566 1377 μόλε
606 1311 914 1379 ταχύποδος
953 1309 1041 1364 ἐπὶ
1082 1309 1248 1378 δέμας
1286 1308 1516 1377 ἐλάφου,

255 1392 661 1460 ῒπτεροφόρον
700 1391 900 1461 χέρσον
937 1391 1225 1460 καθημένα
1260 1389 1346 1462 (fr.
1371 1390 1473 1459 lyr.
1501 1391 1676 1459 adesp.
1700 1388 1846 1460 113).
1872 1412 1914 1445 15

160 1473 188 1526 ὁ
227 1472 388 1541 <καὶ>
425 1476 972 1541 προκελευσματικός.

268 1556 547 1624 Δεύτερος
599 1554 699 1623 <ὁ>
757 1557 1011 1624 ἴαμβος,
1076 1554 1134 1607 ἐκ
1187 1556 1444 1654 βραχείας
1497 1554 1585 1607 καὶ
1639 1564 1850 1622 μακρᾶς

159 1722 286 1771 λεοῦ
325 1719 689 1786 θεραπαίνης,
742 1718 824 1771 ὅτι
865 1718 896 1786 ἡ
937 1703 1201 1786 Δημήτηρ
1243 1720 1544 1786 περίλυπος
1583 1713 1723 1770 οὖσα
1761 1715 1848 1770 ἐπὶ

157 1807 220 1868 τῇ
262 1799 477 1868 ἁρπαγῇ
517 1806 612 1866 τῆς
651 1797 844 1868 ἑαυτῆς
881 1799 1164 1866 θυγατρὸς
1214 1797 1304 1852 καὶ
1343 1798 1670 1867 πλανωμένη
1712 1817 1846 1868 παρ-
1872 1819 1917 1852 20

159 1880 400 1948 εξενώθη
456 1880 565 1932 τινὶ
621 1879 848 1946 ὀνόματι
904 1883 1091 1951 Κελεῷ
1151 1881 1242 1933 καὶ
1296 1889 1360 1950 τῇ
1415 1881 1589 1933 αὐτοῦ
1644 1889 1848 1951 γαμετῇ

158 1963 492 2031 ιΜετανείρῃ,
535 1962 623 2014 καὶ
663 1962 866 2014 τούτου
904 1962 937 2030 ἡ
977 1962 1292 2029 θεράπαινα
1331 1963 1363 2030 ἡ
1403 1963 1493 2014 καὶ
1528 1960 1714 2031 Ἰάμβη
1755 1982 1848 2014 κα-

160 2043 423 2111 λουμένη,
464 2043 535 2105 ὡς
574 2040 801 2111 ἔφαμεν,
841 2046 1271 2111 παρεμυθήσατο
1313 2045 1414 2111 τὴν
1454 2046 1720 2112 Δήμητρα
1758 2043 1849 2112 ὀρ-

158 2124 433 2193 χησαμένη
473 2124 562 2176 καὶ
597 2123 808 2194 άσματα
840 2122 901 2176 ἐν
932 2125 1164 2196 τοιούτῳ
1198 2124 1396 2196 ρυθμῷ
1423 2132 1847 2193 προενεγκοῦσα.

165 2204 462 2224 ιιιιιι

160 2288 251 2339 διὰ
304 2294 468 2339 τοῦτο
525 2286 727 2356 ἀγχόνῃ
783 2286 1138 2384 χρησαμεᾞνης
1227 2286 1259 2355 ἢ
1314 2286 1419 2340 απὸ
1475 2290 1644 2355 γραός
1696 2307 1850 2349 τινος

152 2366 371 2436 Ἰάμβης
409 2367 766 2436 καλουμένης,
806 2389 839 2438 ῃ
877 2369 1164 2439 πλυνούσῃ
1202 2369 1493 2438 συντυχὼν
1526 2368 1553 2420 ὁ
1579 2366 1847 2431 Ἱππῶναξ

276 2516 303 2555 4
334 2509 601 2571 παρίαμβος
632 2511 792 2556 Choer.
819 2517 919 2567 213,
941 2518 1007 2557 11.
1052 2513 1166 2558 Mar.
1186 2513 1307 2558 Vict.
1334 2520 1403 2570 44,
1426 2519 1479 2557 13
1513 2513 1587 2569 (cf.
1621 2530 1847 2569 παριωνι-

159 2570 245 2616 κόν
277 2571 448 2628 Oxyrh.
479 2585 587 2628 pap.
623 2571 707 2615 eol.
726 2571 809 2614 VII
835 2575 878 2628 7)

280 2695 303 2733 1
338 2704 455 2745 φασι
487 2690 594 2733 add.
628 2690 766 2733 Turn.
791 2692 806 2746 ΙΙ
830 2695 856 2732 4
888 2691 964 2734 καὶ
997 2691 1126 2746 παρά
1157 2708 1194 2735 τ.
1228 2707 1274 2734 π.
1308 2692 1335 2734 k
1363 2694 1368 2747 Ι
1398 2690 1496 2734 ἐπει
1527 2692 1555 2734 k
1579 2695 1593 2748 ΙΙ
1621 2696 1673 2735 10
1704 2691 1847 2735 κατά-

160 2765 338 2793 πυκτον
367 2750 420 2802 Y,
454 2763 567 2792 corr.
593 2749 732 2791 Turn.
772 2751 786 2804 11
828 2754 881 2792 14
916 2749 990 2793 ἐπὶ
1022 2749 1165 2806 δέμας
1195 2752 1280 2794 Αιι.
1307 2751 1479 2802 Ambr.,
1513 2750 1736 2816 ἐπίδεσμα
1771 2752 1818 2794 Y
1833 2754 1847 2808 ΙΙ

163 2812 217 2851 15
250 2807 308 2852 cf.
341 2808 427 2851 An.
452 2807 609 2851 Ambr.
643 2811 690 2851 et
722 2809 806 2851 An.
834 2807 955 2852 Chia.
980 2808 1072 2852 AV
1096 2814 1196 2863 206
1215 2811 1360 2866 41116
1392 2811 1472 2854 καὶ
1512 2812 1558 2853 et
1595 2815 1647 2854 18
1682 2821 1704 2853 ο
1739 2811 1846 2855 add.

160 2866 380 2910 Hoersch.
405 2869 419 2923 ΙΙ
444 2871 496 2909 21
532 2872 703 2923 γαμετὴ
737 2873 843 2923 νῆρι
877 2869 929 2921 Y,
963 2881 1077 2912 corr.
1110 2882 1149 2913 e
1182 2885 1224 2927 g.
1259 2883 1315 2913 ex
1347 2883 1452 2926 app.
1487 2869 1620 2913 Dion.
