2090 3158
846 172 1180 214 PRAEFATIO
1694 169 1864 213 XXVII

171 327 263 360 acu
301 312 483 375 tetigit,
525 312 672 358 aliter
710 310 946 359 audacius
986 312 1090 374 egit
1129 327 1279 373 quam
1317 310 1495 359 verius.
1573 310 1632 357 In
1665 310 1862 358 scholiis

170 385 279 433 fieri
316 401 415 434 non
453 386 620 447 potuit
661 386 782 446 quin
815 383 1090 434 Gaisfordii
1129 386 1427 433 auctoritate
1467 385 1519 431 in
1551 399 1738 432 errores
1779 383 1862 431 ab·

171 458 448 507 duceretur.

283 531 481 594 Optime
551 535 807 595 praeterea
877 533 936 580 de
996 532 1364 594 Hephaestione
1426 533 1607 592 meruit
1668 531 1863 580 Iulius

172 607 390 655 Caesar
442 606 900 668 „emendationibus
945 605 1402 668 Hephaestioneis“,
1452 606 1698 655 indicibus
1753 607 1862 654 lect.

169 680 417 744 Marburg.
447 681 587 728 1869
623 684 672 728 et
708 675 940 744 1869s70
978 682 1192 730 insertis.
1257 680 1330 728 De
1370 681 1542 728 multis
1575 682 1680 728 sine
1713 680 1862 728 dubio

169 756 350 803 rectius
389 754 631 803 iudicavit
671 771 822 817 quam
865 755 1222 817 Westphalius‚
1271 754 1355 802 sed
1402 770 1750 816 nonnusquam
1790 756 1862 801 ni-

167 830 297 876 mius
344 831 452 876 erat
496 830 550 876 in
596 829 757 878 verbis
804 829 1004 876 traditis
1050 829 1130 876 vel
1175 828 1444 877 retinendis
1484 830 1564 877 vel
1614 829 1862 876 lenissime

167 903 434 952 mutandis.
460 929 528 935 —
556 903 629 950 De
665 902 831 951 Caroli
854 903 1103 966 Denigii
1127 902 1510 959 Quaestionibus
1534 902 1862 965 Hephaestio-

168 978 273 1025 neis
316 971 616 1043 (Bensheim.
660 970 828 1044 1886)
875 977 1100 1039 pluribus
1146 978 1250 1024 iam
1289 977 1391 1024 dixi
1429 993 1476 1039 p.
1510 976 1594 1024 XI.
1679 976 1759 1024 Ad
1806 993 1863 1024 ea

169 1067 294 1114 quae
341 1052 395 1098 in
436 1050 762 1099 Studemundi
799 1050 984 1100 Anecd.
1019 1049 1190 1099 Graec.
1222 1052 1317 1099 vol.
1350 1051 1375 1098 I
1413 1053 1583 1098 insunt
1626 1051 1865 1099 nonnulla

172 1126 450 1173 attulerunt
489 1125 721 1189 Egenolff
755 1119 959 1192 (Annal.
999 1125 1170 1188 philol.
1209 1125 1311 1173 135
1355 1120 1421 1190 [a.
1459 1120 1625 1190 1887]
1674 1142 1720 1186 p.
1757 1126 1860 1173 389

161 1191 394 1266 '—408)‚
436 1199 743 1247 Schoemann
784 1193 984 1266 (Philol.
1013 1199 1215 1263 Anzeig.
1250 1200 1314 1247 16
1360 1195 1426 1264 [a.
1460 1195 1626 1264 1886]
1674 1217 1720 1262 p.
1757 1200 1860 1247 518

170 1267 354 1339 —25),
374 1273 700 1322 Stadtmiiller
713 1267 888 1340 (Blatt.
902 1275 935 1322 f.
952 1274 1091 1337 bayr.
1104 1272 1337 1336 Gymnas.
1353 1275 1454 1321 188
1466 1277 1492 1322 7
1507 1291 1554 1336 p.
1567 1267 1862 1338 324—29).

745 1470 827 1514 VI
879 1470 961 1514 De
1000 1470 1287 1514 mantissa.

282 1569 393 1617 Etsi
439 1570 641 1617 minime
690 1585 867 1631 corpus
914 1571 1232 1617 metricorum
1274 1568 1575 1618 Graecorum
1615 1570 1861 1617 confectu-

169 1658 252 1691 rus
293 1643 499 1691 adiunxi
536 1646 704 1691 tamen
743 1644 980 1691 nonnulla
1021 1659 1147 1705 quae
1190 1643 1311 1691 artis
1352 1659 1462 1692 cum
1494 1643 1861 1705 Hephaestione

169 1718 380 1766 vinculis
420 1720 646 1765 coartata
686 1719 814 1765 sunt.

280 1791 306 1838 I
358 1791 500 1839 Libri
546 1793 711 1853 quinti
765 1786 1097 1839 scholiorumB
1151 1793 1422 1854 particulas
1477 1794 1530 1838 in
1579 1793 1862 1839 innumera-

169 1865 352 1913 bilibus
394 1866 494 1914 fere
533 1866 674 1914 libris
714 1867 1065 1928 manuscriptis
1106 1866 1366 1928 paululum
1397 1868 1616 1913 mutatas
1649 1867 1863 1914 inveniri

170 1954 320 2001 supra
359 1939 474 1986 dixi.
553 1941 696 2004 Elegi
736 1956 793 1987 ex
840 1941 910 1987 eis
951 1955 1074 2002 quas
1121 1940 1442 2003 gravissimas
1485 1940 1693 1987 necdum
1734 1955 1862 1988 com-

168 2013 311 2061 mode
351 2013 509 2062 editas
551 2029 656 2062 esse
697 2016 866 2062 censui
879 2008 942 2080 1);
996 2015 1120 2062 alios
1162 2015 1309 2062 aliter
1346 2013 1564 2061 iudicare
1606 2017 1860 2062 consenta-

168 2104 316 2134 neum
379 2090 466 2136 est.
568 2086 699 2143 Quin
758 2090 812 2135 in
874 2089 1324 2136 commentariis
1388 2088 1454 2135 de
1514 2089 1861 2136 hexametro

169 2161 367 2223 scriptis
408 2163 616 2223 antiqua
656 2162 883 2210 doctrina
913 2162 1155 2224 tradatur⁷
1196 2179 1295 2210 non
1327 2162 1592 2222 dubitabis,
1634 2164 1677 2209 si
1715 2162 1861 2210 modo

169 2237 397 2284 metricos
429 2235 636 2284 Latinos
676 2237 1069 2298 perlustraveris.
1149 2238 1317 2284 Etiam
1349 2237 1771 2298 Hephaestionem
1810 2236 1861 2283 in

169 2308 476 2358 uberioribus
532 2310 673 2358 libris
728 2309 994 2372 diligenter
1039 2310 1099 2358 de
1145 2310 1329 2359 talibus
1380 2311 1524 2358 rebus
1573 2311 1860 2358 disseruisse

170 2399 259 2444 pro
300 2386 434 2431 certo
473 2383 590 2432 licet
630 2378 939 2450 affirmare.²)

280 2457 331 2504 H
384 2458 556 2505 Trium
601 2458 802 2505 illarum
852 2459 1281 2522 paragraphorum
1327 2459 1392 2505 de
1440 2461 1627 2506 metro
1683 2460 1740 2506 et
1795 2458 1860 2505 de

292 2616 331 2669 1)
364 2613 556 2657 Prorsus
597 2613 737 2657 reieci
769 2612 995 2656 Demetrii
1027 2613 1262 2668 Triclinii,
1301 2614 1451 2658 Isaaci
1483 2613 1724 2668 Monachi,
1763 2613 1861 2657 Ma-

169 2671 320 2714 nuelis
345 2672 639 2729 Moschopuli
671 2674 946 2726 commenta,
978 2674 1144 2729 utpote
1176 2674 1258 2729 qui
1290 2674 1351 2717 ad
1382 2673 1629 2717 libidinem
1654 2673 1860 2727 antiquis

169 2729 345 2775 libellis
376 2732 449 2774 usi
480 2734 535 2775 ut
564 2732 778 2788 proprios
810 2731 954 2775 libros
987 2733 1242 2776 conderent
1264 2733 1418 2777 fontes
1444 2733 1526 2789 qui
1558 2732 1647 2777 soli
1678 2735 1859 2775 nostros

170 2790 350 2834 animos
390 2791 636 2835 advertant
676 2791 1037 2835 obscuraverint.
1071 2817 1127 2823 —
1159 2792 1394 2848 Anonymi
1426 2792 1724 2836 Ambrosiani
1764 2791 1861 2834 edi-

169 2847 345 2893 tionem
378 2849 831 2894 Studemundianam
862 2849 954 2893 AV
976 2850 998 2892 I
1027 2865 1070 2907 p.
1099 2855 1302 2894 211—32
1335 2851 1506 2894 iterare
1538 2851 1680 2894 nolui.

290 2911 333 2966 2)
367 2909 434 2952 De
467 2908 708 2953 codicibus
740 2909 845 2952 vide
878 2909 1220 2953 adnotationes.
