2090 3158
253 127 319 213 78
636 161 1002 204 FRAGMENTA
1033 161 1552 205 HEPHAESTIONEA.

250 295 337 349 ἀπ’
395 294 706 364 ἐλάττονος,
768 298 1049 364 κρητικόν·
1118 296 1183 347 τὰ
1237 291 1298 346 δε
1359 295 1505 363 παρὰ
1558 301 1730 348 ταῦτα
1783 299 1937 348 καλεῖ

250 378 599 446 ἀσυνάρτητα
637 376 727 430 καὶ
769 376 1161 446 συγκεχυμένα

1045 553 1136 605 IV.

363 658 527 711 schol.
559 659 616 710 in
647 658 900 726 Hermog.
928 655 1070 708 RhG
1095 655 1202 709 VII
1226 656 1434 724 982‚15
1467 656 1496 709 ὁ
1524 655 1782 725 ’τροχαῖος
1812 676 1936 725 τρο-

204 760 223 792 5
250 741 418 809 χαλὸν
463 748 609 792 ποιεῖ
655 740 753 791 τὸν
802 740 992 807 λόγον,
1046 739 1132 791 διὸ
1181 747 1433 807 τροχαῖος
1477 742 1719 791 καλεῖται
1759 738 1788 791 ὁ
1826 747 1938 791 τῶν

246 825 552 889 τρεχόντων
593 821 828 889 ῥυθμός,
869 820 940 882 ὥς
980 828 1152 888 φησιν
1182 823 1513 887 Λογγῖνος
1553 819 1580 872 ὁ
1622 821 1936 887 φιλολόγος,

246 903 438 970 -ξ-ὄθεν
485 901 575 954 καὶ
617 905 811 970 ἴαμβος
850 905 1093 953 καλεῖται
1118 900 1239 954 ’ἀπὸ
1279 909 1378 953 τοῦ
1421 902 1711 969 ἰαμβίζειν,
1752 901 1780 953 ὅ
1823 899 1936 953 ἐστι

248 985 545 1052 λοιδορεῖν·
590 991 754 1036 τοῦτο
795 980 855 1035 δὲ
894 990 1155 1035 ποιοῦσιν
1195 983 1247 1034 οἱ
1286 982 1515 1049 κωμικοὶ
1556 983 1608 1034 οἱ
1648 982 1722 1054 τῷ
1759 982 1934 1052 ἰάμβῳ

246 1065 592 1134 χρησάμενοι.
657 1062 797 1134 (ἐπεὶ
836 1060 939 1116 οὖν
977 1064 1067 1116 καὶ
1100 1065 1151 1116 οἱ
1184 1063 1468 1131 τρέχοντες
1498 1061 1588 1115 καὶ
1620 1063 1936 1132 ὑβρίζοντες

182 1166 223 1197 10
250 1146 465 1214 σπουδῇ
506 1153 668 1197 τοῦτο
708 1152 991 1213 ποιοῦσιν,
1034 1145 1100 1197 οὐ
1141 1146 1226 1197 δεῖ
1265 1144 1326 1198 ἐν
1366 1146 1654 1212 σεμνότητι
1694 1149 1936 1213 χρῆσθαι

246 1227 462 1288 τούτοις
512 1228 748 1296 τροχαίςο
802 1224 893 1278 καὶ
941 1233 1014 1298 τῷ
1057 1235 1315 1294 συγγενεῖ
1361 1227 1508 1297 αὐτῷ
1557 1227 1758 1297 ἰωνικῷ
1804 1225 1935 1278 οὐδὲ

248 1309 480 1380 ἰαμβικῷ
518 1306 790 1378 ἐπιπολύ).

1059 1410 1124 1463 V.

358 1514 519 1568 schol.
561 1515 618 1566 in
656 1513 910 1585 Hei-mog.
950 1512 1094 1567 RhG
1131 1513 1235 1566 VII
1271 1513 1401 1582 985,
1429 1514 1456 1565 1
1512 1515 1597 1566 δεῖ
1647 1509 1750 1566 οὖν
1799 1514 1933 1566 ἄνευ

181 1617 219 1648 15
245 1598 568 1665 προσθήκης
607 1594 696 1648 καὶ
730 1595 1071 1665 ἀφαιρέσεως
1109 1597 1458 1664 μεθαρμόσαι
1488 1595 1555 1647 τὰ
1594 1592 1696 1662 ἔπη
1737 1594 1932 1656 οὕτως·

322 1677 394 1738 ὡς
435 1676 462 1729 ὁ
503 1675 705 1746 πρόσθ’
737 1677 922 1729 ἵππων
960 1675 1257 1738 τανυσθεὶς
1295 1685 1440 1729 κεῖτο
1481 1674 1571 1728 καὶ
1613 1677 1842 1744 δίφρου·

246 1757 274 1809 ὁ
316 1758 376 1810 δὲ
417 1758 671 1826 δεύτερος
717 1758 853 1810 κατὰ
895 1754 996 1826 μὲν
1036 1759 1368 1825 Λογγῖνόν
1408 1757 1521 1810 ἐστι
1560 1758 1931 1827 χοριαμβικός.

223 1969 230 1976 .
363 1917 437 1959 IV
473 1931 527 1960 ex
559 1917 759 1974 Longini
792 1917 1123 1961 commentario
1155 1917 1407 1973 Hephaest.
1443 1917 1671 1972 desumpt.
1712 1918 1726 1972 ΙΙ
1769 1922 1796 1959 4
1827 1932 1930 1971 τρο-

245 1977 396 2034 χαῖος]
431 1975 589 2019 Choer.
619 1981 783 2030 58,16.
831 1978 917 2020 An.
946 1977 1104 2020 Ambr.
1137 1977 1228 2019 AV
1254 1981 1361 2031 223,
1391 1982 1428 2019 2.
1459 1982 1496 2019 7.
1545 1975 1717 2019 s0h01.1³
1745 1974 1844 2031 (lib.
1871 1974 1928 2030 V>

244 2050 287 2091 p.
317 2040 385 2090 28,
403 2040 469 2078 11.
504 2036 588 2078 An.
610 2035 731 2078 Chis.
749 2035 833 2078 AV
858 2040 957 2086 206,
977 2042 1001 2078 ὁ
1027 2038 1040 2092 ΙΙ
1067 2041 1089 2078 7
1117 2035 1300 2094 ἴαμβος]
1328 2035 1497 2078 schol.¹³
1518 2035 1613 2091 (lib
1633 2034 1689 2090 V)
1714 2050 1757 2090 p.
1779 2038 1925 2088 18,12

246 2098 322 2148 28,
341 2099 381 2136 9.
431 2093 589 2137 Choer.
616 2099 693 2148 59,
711 2099 751 2137 4.
801 2095 886 2138 An.
914 2094 1033 2138 Chis.
1060 2095 1151 2137 AV
1177 2099 1283 2147 206,
1307 2100 1354 2137 17
1405 2097 1418 2151 ΙΙ
1467 2100 1518 2138 11
1554 2094 1610 2138 cf.
1643 2108 1686 2149 p.
1715 2097 1929 2146 77,10-—

246 2153 299 2197 V.
333 2166 389 2196 ex
413 2153 612 2210 Longini
645 2154 976 2197 commentario
1001 2154 1252 2210 Hephaest.
1278 2156 1291 2210 ΙΙ
1315 2153 1590 2209 προσθήκης
1621 2153 1701 2196 καὶ
1732 2151 1929 2207 ἀφαιρέ-

246 2213 375 2269 σεως]
408 2227 451 2268 p.
482 2217 548 2265 77,
569 2218 593 2255 6
618 2214 632 2269 ΙΙ
659 2217 711 2256 16
744 2227 899 2256 versus
933 2226 986 2255 ex
1017 2213 1233 2269 Hermog.
1268 2215 1436 2269 sumpt.
1462 2213 1504 2256 Π
1528 2216 1698 2266 295,15
1724 2211 1928 2269 (Speng.)

367 2364 417 2402 17
446 2359 676 2417 δεύτερος]
701 2359 927 2403 referend.
951 2361 1011 2403 ad
1036 2374 1147 2403 vei-S.
1168 2358 1471 2416 αἱματοέσσης
1494 2358 1653 2411 κόνιος
1676 2356 1928 2415 δεδραγμέ-

247 2430 329 2468 νος
363 2419 594 2477 βεβρυχώς
627 2418 858 2475 (Hermog.
887 2419 927 2461 II
954 2423 1052 2472 295,
1074 2422 1156 2474 16).
