2090 3158
588 142 648 183 H.
697 141 844 182 ΠΕΡΙ
875 139 1439 182 ΣΤΝΕΚΦΩΝΗΣΕΩΣ.
1496 161 1503 168 ·
1830 139 1863 191 9

356 274 539 328 πλέων
578 273 666 328 ἐπὶ
707 279 906 328 οἴνοπα
943 277 1152 328 πόντον
1191 272 1250 345 (α
1292 273 1450 344 183)·

41 365 138 423 [20]
171 355 204 424 ἢ
246 356 349 409 δύο
388 358 641 425 βραχεῖαι
680 357 759 418 εἰς
797 359 930 424 μιάν
967 356 1182 423 μακρὰν
1222 354 1268 426 (ι
1307 355 1441 426 283)

85 452 136 490 11

45 1666 143 1724 [21]

358 437 455 490 νέα
492 436 594 507 μέν
631 457 726 506 μοι
764 435 985 500 κατέαξε
1026 437 1357 491 Ποσειδάων
1397 435 1505 507 [ε’νὶ
1544 437 1776 509 πόντῳ]·

171 518 238 587 <ἢ
278 519 458 588 μακρὰ
495 517 588 572 καὶ
627 522 856 588 βραχεῖα
895 521 974 581 εἰς
1010 520 1144 587 μίαν
1181 519 1400 588 μακρὰν
1435 517 1510 594 {B
1550 517 1684 589 544)

356 601 616 669 θώρηκας
655 599 840 670 ῥήξειν
879 601 1054 668 δηίων
1093 599 1235 669 ἀμφὶ
1273 601 1633 668 στήθεσσιν·>

172 682 256 750 (3)
295 681 327 750 ἢ
362 682 465 734 δύο
497 684 748 751 βραχεῖαι
780 684 858 744 εἰς
888 684 1022 750 μίαν
1051 684 1330 751 βραχεῖαν,
1370 682 1504 750 ὅπερ
1538 680 1599 735 ἐν
1629 692 1745 744 τοῖς
1778 682 1869 734 ἄλ-

173 767 290 826 λοις
318 763 627 832 εὑρίσκεται
658 763 893 833 μέτροις,
919 763 993 825 ὡς
1024 764 1173 833 παρὰ
1203 764 1440 833 Σωτάδη
1475 761 1536 816 ἐν
1573 771 1639 833 τῇ
1683 762 1869 816 Ἰλιάδι

359 848 524 897 σείων
561 847 757 913 μελιήν
796 845 1055 913 Πηλιάδα
1094 843 1278 907 δεξιὸν
1314 843 1443 897 κατ’
1481 841 1650 913 ὦμον,

172 925 234 979 ἐν
281 927 342 979 δὲ
397 937 512 988 τοῖς
566 924 719 979 ἔπεσι
773 928 1036 988 σπανίως·
1086 927 1223 979 ὥστε
1276 928 1509 995 Κριτίας
1560 924 1622 979 ἐν
1675 934 1739 996 τῇ
1791 927 1870 988 εἰς

183 1006 531 1077 Ἀλκιβιάδην
566 1008 777 1078 ἐλεγείᾳ
816 1008 917 1061 οὐκ
968 1006 1097 1080 ᾤετο
1146 1007 1413 1078 ἐγχωρεῖν
1454 1015 1554 1060 τοῦ
1606 1005 1870 1076 Ἀλκιβιά-

179 1090 283 1142 δου
324 1090 384 1142 τὸ
427 1091 620 1156 ὄνομα·
662 1088 799 1158 φησὶ
838 1091 942 1158 γὰρ
983 1087 1066 1160 (3)

358 1169 450 1223 καὶ
488 1179 597 1223 νῦν
636 1173 900 1224 Κλεινίου
939 1171 1068 1223 υἱὸν
1117 1170 1414 1239 Ἀθηναῖον
1453 1171 1787 1240 στεφανώσω

446 1251 794 1321 Ἀλκιβιάδην
824 1251 1036 1306 νέοισιν
1074 1252 1322 1321 ὑμνήσας
1359 1254 1602 1321 τρόποις·

362 1334 428 1386 οὐ
468 1335 572 1403 γάρ
612 1353 727 1396 πως
764 1330 835 1402 ἧν
873 1333 1109 1402 τοῦνομ’
1147 1333 1478 1403 ἐφαρμόζειν
1518 1334 1758 1406 ἐλεγείῳ·

435 1423 543 1468 νῦν
583 1414 643 1468 δ’
681 1414 743 1468 ἐν
784 1417 1011 1487 ιάμβείῳ
1050 1417 1288 1468 κείσεται
1329 1416 1431 1468 οὐκ
1471 1415 1728 1485 ἀμέτρως.

164 1496 317 1550 ’Ἐστι
371 1497 559 1563 μέντοι
614 1498 705 1550 καὶ
760 1495 822 1550 ἐν
875 1495 1017 1564 ἕπει,
1067 1497 1139 1559 ὡς
1192 1498 1340 1564 παρὰ
1395 1499 1648 1567 Κορίννῃ
1695 1495 1757 1550 ἐν
1803 1505 1870 1570 τςῖ

177 1578 399 1649 πέμπτῳ
442 1576 525 1649 (9)

363 1660 395 1728 ’ἢ
435 1660 700 1722 διανεκῶς
740 1660 931 1728 εῧδης;
972 1660 1037 1713 οὐ
1071 1660 1182 1729 μὰν
1218 1660 1391 1728 πάρος
1422 1656 1571 1727 ἦσθα
1604 1662 1872 1729 Κόριννα,

177 1739 266 1794 καὶ
309 1742 458 1808 παρὰ
496 1740 781 1810 Πραξίλλῃ
814 1740 875 1795 ἐν
915 1742 1288 1810 διθυράμβοις
1320 1740 1381 1794 ἐν
1420 1739 1531 1813 ᾠδῇ
1572 1740 1873 1811 ἐπιγραφο-

177 1822 310 1892 μένῃ
344 1821 590 1891 Ἀχιλεὺς
630 1821 710 1894 (l)

364 1904 502 1957 ἀλλὰ
534 1905 660 1957 τεὸν
693 1905 760 1957 οὔ
792 1923 924 1958 ποτε
956 1906 1144 1974 θυμὸν
1178 1903 1261 1958 ε’νὶ
1295 1907 1598 1973 στήθεσσιν
1630 1907 1873 1958 ἔπειθον.

298 2100 324 2139 5
357 2094 529 2138 schol.¹³
551 2099 621 2148 23,
640 2099 678 2138 3.
713 2094 811 2138 AV
835 2095 973 2150 1213,
991 2099 1046 2138 26
1071 2097 1085 2150 11
1111 2099 1137 2138 8
1169 2094 1372 2138 Demetr.
1401 2095 1459 2138 de
1484 2094 1596 2138 eloe.
1622 2110 1667 2151 p.
1687 2100 1758 2149 41,
1778 2100 1833 2139 20
1860 2095 1874 2153 Η

181 2157 233 2197 21
269 2154 441 2197 801101.Β
463 2158 533 2208 21,
559 2158 614 2197 26

302 2338 324 2375 1
358 2332 463 2375 fort
498 2331 601 2375 coll.
634 2331 777 2375 schol
811 2331 860 2375 in
884 2331 1018 2375 Dion.
1045 2331 1208 2375 Thrae.
1236 2331 1504 2375 addendum
1530 2332 1609 2374 καὶ
1643 2331 1767 2387 ,ὑμῖν
1791 2330 1875 2387 μὲν

180 2391 287 2434 θεοὶ
320 2392 468 2436 δοῖεν’
504 2391 591 2446 (Pr.
619 2394 694 2448 43)
733 2393 747 2447 ΙΙ
787 2397 812 2435 2
845 2391 986 2436 verba
1027 2390 1212 2446 μακρὰν
1245 2408 1285 2435 ν.
1311 2408 1355 2447 μ.
1381 2407 1423 2446 μ.
1451 2407 1491 2435 κ.
1519 2393 1575 2434 Π.
1603 2390 1635 2434 ἐ.
1670 2406 1716 2433 π.
1753 2389 1779 2445 ὴ
1813 2392 1875 2446 (6)

180 2451 221 2494 δ.
232 2451 296 2520 β.
331 2451 365 2495 ἑ.
399 2467 442 2506 μ.
476 2451 525 2494 111
557 2452 602 2495 A
633 2451 683 2494 in
714 2466 814 2506 mg,
848 2465 936 2494 om.
974 2451 1072 2504 GP,
1110 2451 1160 2493 in
1199 2452 1331 2494 textu
1371 2451 1419 2493 in
1452 2451 1546 2494 DI
1591 2452 1606 2506 ΙΙ
1661 2455 1686 2492 3
1720 2447 1874 2494 νέα-

180 2507 334 2553 πόντω
366 2512 475 2566 post
506 2515 547 2564 8,
573 2515 625 2552 ·21
662 2510 846 2565 μακρὰν
879 2511 988 2554 HN
1016 2515 1021 2567 Ι
1050 2508 1133 2565 μέν
1164 2510 1261 2567 μοι]
1296 2507 1452 2565 μέντοι
1484 2510 1534 2553 D
1568 2511 1574 2565 Ι
1612 2508 1680 2552 ἐνὶ
1719 2508 1874 2566 πόντῳ

182 2568 271 2612 del.
307 2568 512 2621 Wilam„
557 2566 818 2626 ἐνοσίχθων
861 2568 1087 2613 Homerus
1142 2570 1156 2625 ΙΙ
1210 2574 1295 2611 4-
1245 2574 1327 2612 —5
1376 2583 1463 2612 om.
1511 2568 1660 2623 codd„
1710 2555 1875 2611 addid‘i

182 2627 271 2684 (Pr.
298 2630 372 2685 42)
405 2627 507 2672 coll.
543 2627 702 2672 Choer.
737 2630 785 2672 et
824 2627 965 2672 schol.
999 2629 1048 2671 in
1079 2628 1215 2671 Dion.
1249 2627 1356 2672 Thr.
1384 2632 1492 2682 210,
1519 2632 1571 2670 21
1629 2631 1642 2681 ΙΙ
1698 2632 1723 2671 9
1758 2625 1873 2671 ὥστε

183 2716 349 2773 Denig,
374 2715 525 2770 ὥσπερ
551 2717 683 2760 codd
709 2719 724 2773 ΙΙ
751 2722 803 2759 12
830 2717 1071 2773 ἀθηναῖου
1097 2717 1197 2772 (sic)
1218 2718 1277 2772 A,
1303 2714 1544 2772 ἀθηναίου
1570 2717 1610 2769 Ι,
1637 2716 1876 2771 ἀθηναῖον

184 2777 462 2831 στεφανώσω
496 2790 582 2819 0111.
618 2778 666 2820 D
696 2778 711 2832 ΙΙ
746 2781 800 2819 14
834 2774 1012 2831 ἐλεγείω
1045 2775 1250 2830 τοῦνομα
1283 2774 1561 2831 ἐφαρμόζειν
1593 2750 1642 2818 D
1680 2778 1695 2831 Η
1737 2780 1790 2817 16
1825 2774 1875 2819 ἐν

187 2833 341 2878 ἔπεσιν
373 2837 430 2888 Ρ,
471 2834 639 2879 Caesar
696 2839 701 2890 Ι
760 2835 810 2878 ἐν
849 2833 1031 2891 πέμπτῃ
1074 2834 1301 2890 011001.ΙΙ
1358 2839 1411 2877 18
1446 2834 1585 2890 εὔδης
1616 2836 1682 2886 A,
1727 2832 1877 2884 εὕδεις

187 2894 364 2950 DIHl
392 2889 521 2949 ἦσθα
553 2892 765 2950 Κόριννα
798 2908 887 2937 0111.
922 2895 970 2938 D
995 2897 1008 2950 ΙΙ
1035 2899 1088 2937 20
1114 2895 1297 2951 ἀχιλεὺς
1329 2895 1387 2948 A,
1420 2893 1629 2950 ἀχιλλεὺς
1661 2894 1748 2937 DI

1914 621 1934 654 5

1894 1029 1939 1060 10

1896 1437 1939 1470 15

1898 1845 1942 1877 20
