2090 3158
671 180 748 221 VI.
783 180 927 220 ΠΕΡΙ
957 178 1323 220 TPOXAIKOT.
1777 177 1844 230 19

68 322 119 362 21
154 318 456 383 κεχρῆσθαι
505 312 875 382 συμβέβηκεν,
924 306 1044 366 οἷόν
1093 311 1208 365 ἐστι
1255 312 1343 364 καὶ
1383 313 1444 365 τὸ
1486 313 1844 382 Καλλιμάχου

154 394 175 466 (
289 392 310 465 )
374 465 588 538 ἔρχεται
619 470 792 531 πολὺς
829 465 931 535 μὲν
963 469 1201 535 Αἰγαῖον
1240 466 1533 537 διατμήξας
1565 467 1658 520 ἀπ’
1693 470 1771 521 οἰ-

1309 556 1481 647 νηρῆς
1520 550 1660 602 Χίου

264 629 381 699 (3)’
381 630 522 684 Ἐστι
547 631 608 683 δὲ
632 629 694 683 ἐν
719 631 865 702 αὐτῷ
900 628 1169 698 ἐπίσημον
1199 631 1291 684 καὶ
1322 632 1383 683 τὸ
1415 631 1676 729 δίμετρον
1714 634 1889 701 βρα-5

151 714 580 782 χυκαταληκτον,
621 713 682 764 τὸ
723 712 1071 779 καλούμενον
1105 710 1522 780 Ἰθυφαλλικόν
1563 713 1606 784 ᾡ
1631 722 1846 780 πρῶτος

150 791 254 862 μὲν
319 792 625 862 Ἀρχίλοχος
677 793 959 862 κέχρηται,
1023 794 1281 858 συζεύξας
1344 793 1477 846 αὐτὸ
1541 794 1849 866 δακτυλικῷ

150 874 491 946 τετραμέτρῳ
532 874 705 937 οὕτως
744 873 930 946 (Arch.
963 874 1093 946 100)

18 961 116 1020 [39]
374 955 574 1010 οὐκέθ’
613 955 757 1023 ὁμῶς
793 957 1021 1019 θάλλεις
1061 957 1275 1010 ἁπαλὸν
1307 959 1462 1026 χρόα·
1502 957 1770 1026 κάρφεται

1306 1039 1410 1107 γὰρ
1450 1040 1570 1107 ἤδη·
1869 1067 1911 1099 10

149 1120 207 1172 οι““
243 1117 304 1172 δὲ
341 1121 475 1187 μετὰ
520 1127 692 1172 ταῦτα
731 1119 821 1172 καὶ
861 1117 1140 1187 ἐπήγαγον
1187 1120 1321 1172 αὐτὸ
1362 1121 1613 1191 ἰαμβείςο,
1661 1120 1842 1189 ὥσπερ

148 1201 176 1254 6
219 1204 572 1270 Καλλίμαχος
611 1199 772 1271 (117)

366 1282 567 1352 Ἑρμᾶς
606 1283 634 1335 ὅ
673 1301 775 1351 περ
821 1286 1059 1349 Φεραῖος
1097 1284 1324 1335 αἰνείων
1363 1285 1496 1344 θεός

504 1361 632 1431 ἔμμι
671 1373 745 1416 τῶ
787 1366 1087 1432 φυγαίχμα.

148 1447 234 1515 (4)
289 1445 489 1514 ὁμοίως
545 1442 605 1498 δὲ
660 1446 750 1498 καὶ
804 1446 865 1498 τὸ
912 1446 1276 1515 τετράμετρον
1322 1446 1841 1514 βραχυκατοὲληκτόν
1866 1473 1907 1507 15

149 1527 298 1580 ἐστιν
338 1526 621 1595 ἐπίσημον,
663 1520 785 1579 οἷον
825 1527 910 1589 (fr.
943 1543 1073 1579 eom.
1111 1545 1192 1579 an.
1219 1525 1312 1597 39)

373 1606 493 1661 οὐδ’
551 1607 828 1676 Ἀμειψίαν
868 1609 1030 1677 ὁρᾶτε
1068 1609 1287 1677 πτωχὸν
1327 1607 1452 1661 ὄντ’
1490 1606 1589 1676 ἐφ’
1625 1609 1780 1675 ὑμῖν·

148 1687 238 1742 καὶ
277 1699 388 1742 τῶν
428 1689 814 1758 ἆκαταλήκτων
847 1686 907 1742 δὲ
939 1690 1000 1742 τὸ
1025 1690 1390 1759 τετράμετρόν
1414 1690 1564 1743 ἐστιν
1594 1687 1840 1758 ἔνδοξον,

147 1765 272 1824 οἷον
310 1770 464 1823 τουτὶ
504 1771 564 1823 τὸ
605 1770 988 1839 Ἀνακρέοντος
1028 1769 1148 1842 (76)

369 1854 543 1904 κλῦθί
562 1871 664 1920 μευ
688 1851 949 1919 γέροντος
973 1850 1230 1921 εὐέθειρα
1255 1854 1598 1922 χρυσόπεπλε
1621 1854 1808 1921 κούρα.
1864 1882 1906 1915 20

152 1934 230 1986 Τὰ
268 1930 369 1999 μὲν
410 1929 514 1985 οὖν
554 1932 917 2001 ἐπισημότατα
958 1931 1020 1986 ἐν
1059 1934 1200 2005 αὐτᾷ
1239 1934 1411 1986 ταῦτα
1442 1933 1570 1986 ἐστι.

264 2114 289 2153 6
323 2106 636 2164 ἰθυφαλλικόν
668 2108 782 2151 Mar.
809 2108 930 2152 Vict.
950 2108 1013 2152 VI
1037 2112 1108 2161 85,
1135 2113 1202 2152 28.
1252 2108 1366 2152 Atil.
1399 2109 1522 2152 Fort.
1548 2109 1612 2152 VI
1636 2114 1737 2164 293,
1767 2115 1836 2155 18.

143 2171 251 2222 298,
286 2173 324 2211 9.
390 2167 515 2212 Caes.
558 2167 684 2211 Bass.
711 2167 774 2210 VI
807 2173 914 2221 255,
950 2172 1017 2212 10.
1081 2168 1181 2211 Ter.
1223 2169 1368 2211 Maur.
1396 2167 1459 2210 VI
1499 2173 1584 2211 380
1631 2183 1671 2211 ν.
1708 2174 1835 2214 1839.

144 2228 256 2272 Mar.
290 2227 408 2271 Plot.
426 2227 489 2270 VI
515 2231 614 2279 529,
643 2231 695 2269 13

263 2402 288 2441 3
314 2398 568 2455 διατμηξας
584 2397 772 2440 Anthol.
798 2397 946 2441 Palat.
974 2397 1079 2440 XIII
1105 2403 1144 2451 9,
1177 2396 1404 2452 ὃιανήξας
1428 2399 1559 2442 codd.
1587 2400 1634 2441 et
1658 2398 1800 2441 schol.
1808 2402 1831 2425 Β

142 2471 186 2512 p.
217 2462 285 2510 12,
311 2462 335 2500 3
361 2460 375 2514 ΙΙ
400 2463 425 2501 6
459 2454 747 2513 ἰθυφαλικόν
774 2458 896 2512 ΒΙΙΙ
923 2461 945 2499 7
979 2457 1062 2512 μὲν
1096 2471 1183 2500 om.
1211 2459 1260 2500 D
1287 2457 1292 2514 Ι
1322 2456 1543 2515 ἐχρήσατο
1571 2460 1601 2500 Ι
1635 2460 1649 2514 ΙΙ
1689 2463 1714 2500 9
1740 2457 1832 2501 θά-

141 2518 235 2566 λεις
268 2518 315 2571 I,
348 2517 523 2572 θάλλης
557 2518 644 2572 ΗΙΙ
672 2521 724 2559 10
758 2515 868 2574 ἤδη]
904 2513 981 2560 ὅδε
1015 2518 1096 2569 D!
1132 2516 1258 2560 idem
1290 2516 1553 2572 exemplum
1585 2533 1629 2573 p.
1657 2522 1726 2570 22,
1756 2522 1831 2569 1ος

144 2579 296 2628 50,17
336 2578 350 2631 11
392 2580 442 2618 11
478 2572 713 2631 1”01·15.μετ’
752 2575 895 2619 αὐτὸν
926 2578 1081 2630 111547,
1118 2580 1186 2619 11.
1223 2580 1276 2618 16
1321 2577 1326 2631 Ι
1370 2577 1450 2619 καὶ
1476 2589 1563 2618 om
1592 2577 1640 2619 D
1676 2579 1680 2632 Ι
1718 2576 1831 2619 αὐτὸ
1922 2619 1929 2622 ,

144 2631 335 2691 ἰαμβείω
369 2649 480 2678 corr.
516 2649 571 2678 ex
603 2635 725 2678 αὐτῶ
748 2634 974 2707 ἰαμβεῖον
1002 2636 1051 2678 D
1074 2638 1089 2691 ΙΙ
1116 2639 1168 2678 13
1203 2634 1315 2690 ὅπερ
1349 2635 1450 2692 (sic)
1476 2636 1581 2679 AD
1608 2638 1613 2690 Ι
1642 2633 1833 2679 αἰνείων

143 2695 245 2744 ΑΙ,
280 2694 444 2738 αἰνιῶν
478 2695 546 2747 D,
581 2693 704 2736 αἰνεῖ
743 2691 807 2737 ὢν
841 2692 1023 2749 Caesar,
1057 2692 1201 2738 αἰνέει
1234 2694 1371 2737 Turn.
1425 2695 1430 2749 Ι
1482 2693 1506 2737 6
1541 2696 1833 2749 Περφεραῑος

143 2751 314 2796 Αἰνίων
346 2754 460 2804 θεὸς
491 2752 678 2796 Wilam.
714 2753 884 2808 (Herm
911 2757 982 2806 40,
1010 2755 1111 2808 138)
1137 2756 1150 2810 ΙΙ
1177 2759 1230 2796 14
1267 2752 1373 2810 ἔμμε
1408 2755 1469 2807 D,
1505 2753 1608 2809 ἐμμὶ
1643 2753 1830 2797 Schnei-

144 2810 226 2854 der
263 2814 277 2867 ΙΙ
326 2816 377 2854 17
406 2810 610 2867 ἀμιψίαν
635 2809 987 2867 1)],Αμυνίαν
1012 2812 1227 2857 Meineke
1277 2815 1282 2868 Ι
1333 2813 1441 2868 ὑμῖν
1466 2814 1524 2864 A,
1551 2812 1660 2867 ἡμῖν
1687 2814 1838 2856 DIH

144 2868 274 2912 Kock
305 2871 319 2926 ΙΙ
357 2876 409 2913 19
437 2871 507 2945 τὸ]
534 2878 613 2914 τοῦ
641 2873 709 2924 D,
745 2870 800 2914 cf.
827 2886 871 2926 p.
889 2876 958 2926 30,
977 2876 1002 2914 3
1042 2873 1056 2927 Η
1096 2877 1152 2914 20
1184 2869 1459 2928 χρυσίπεπλε
1485 2847 1534 2915 D
1572 2873 1586 2927 ΙΙ
1627 2877 1679 2914 21
1708 2872 1830 2914 αὐτῶ

146 2928 304 2983 DIH,
336 2937 487 2973 ταυτῶ
521 2932 563 2972 Α

1508 3005 1563 3033 0*

429 3069 447 3092 ἢ
