2090 3158
699 200 739 239 V
758 211 774 240 1
807 199 952 240 ΠΕΡΙ
980 198 1283 239 IAMBIKOT
1737 196 1839 248 117

148 332 182 401 ἡ
229 334 326 402 μία
373 335 620 402 συλλαβὴ
668 334 700 402 ἡ
748 334 1052 395 τελευταία·
1104 332 1389 385 ὑπόκειται
1437 332 1540 399 γὰρ
1587 330 1616 384 ὁ
1665 336 1844 385 τελευ-

147 422 299 476 ταῖος
337 416 478 476 ποὺς
516 412 724 467 ἐνδέων
763 423 863 485 μιᾷ
902 412 1175 483 συλλαβῇ)
1218 414 1249 482 ἢ
1283 412 1312 466 ὁ
1344 415 1657 482 τρίβραχυς.
1721 411 1837 465 ἀλλ’

149 496 198 548 εἰ
237 495 339 561 μὲν
379 495 407 548 ὁ
450 497 644 563 ἴαμβος
683 491 1004 566 παραλήγει,
1055 496 1190 563 μετὰ
1228 502 1324 562 τῆς
1362 496 1675 556 τελευταίας
1715 498 1844 547 συλ-

149 579 319 645 λαβῆς
372 579 582 645 γίνεται
637 579 697 631 τὸ
754 577 908 640 τέλος
954 584 1055 630 τοῦ
1105 577 1305 645 ἰάμβου
1354 575 1733 645 ἀμ’φίβραχυς,
1784 574 1844 629 ἐκ

147 666 243 727 τῆς
296 660 553 727 βραχείας
599 667 700 712 τοῦ
750 660 950 728 ἰάμβου
1000 657 1090 711 καὶ
1138 666 1232 726 τῆς
1278 665 1487 727 μακρᾶς
1535 657 1707 710 αὐτοῦ
1753 658 1843 710 καὶ
1890 678 1911 711 5

147 747 243 807 τῆς
291 742 547 809 βραχείας
595 749 690 809 τῆς
735 742 1051 802 τελευταίας
1097 742 1387 807 συλλαβῆς.
1466 740 1516 791 εἰ
1561 739 1622 792 δὲ
1663 738 1691 792 ὁ
1733 740 1846 808 τρί-

147 825 357 890 βραχυς
394 825 722 891 παραλήγει,
762 824 1136 891 προστίθεμεν
1174 819 1263 873 καὶ
1304 821 1483 892 τούτῳ
1523 821 1625 888 τὴν
1663 823 1845 873 τελευ-

148 905 310 956 ταίαν
355 906 664 972 συλλαβήν,
711 902 801 957 καὶ
842 905 891 956 εἰ
929 903 1031 970 μὲν
1068 905 1248 969 μακρὰ
1289 907 1372 970 εἴη
1414 901 1578 970 αὕτη,
1625 905 1844 970 ποιήσει

147 985 248 1037 τὸν
271 986 487 1036 παίωνα
512 984 773 1055 τέταρτον
795 1016 869 1038 uu
885 1017 914 1038 ψ
930 1026 983 1051 -,
1009 986 1056 1036 εἰ
1083 981 1143 1036 δὲ
1167 987 1412 1052 βραχεῖα,
1437 986 1844 1053 προκελευσμα-

148 1069 303 1120 τικόν
341 1099 526 1120 υυυυυ
605 1067 695 1136 [τὰ
737 1067 797 1120 δὲ
836 1065 962 1136 παρ’
996 1066 1168 1119 αὐτοῦ
1210 1064 1469 1135 εἰρημένα
1506 1063 1632 1134 περὶ
1672 1067 1843 1133 μόνης
1870 1087 1911 1119 ιο

149 1156 245 1216 τῆς
283 1157 383 1202 τοῦ
425 1149 626 1216 ἰάμβου
670 1147 1019 1218 παραλήξεως
1060 1152 1282 1217 εἴρηται.
1361 1147 1409 1199 εἰ
1450 1147 1511 1199 δὲ
1551 1147 1843 1210 σπονδεῖος

149 1235 232 1297 εἴη
272 1230 305 1298 ἡ
346 1229 662 1299 παράληξις,
702 1232 752 1282 εἰ
787 1230 889 1297 μὲν
928 1230 1108 1299 μακρὰ
1142 1234 1224 1297 εἴη
1259 1230 1290 1297 ἡ
1325 1230 1590 1297 λήγουσα,
1630 1230 1843 1296 γίνεται

147 1314 410 1378 μολοττός
434 1359 459 1364 -
478 1358 504 1364 -
522 1353 575 1378 -,
609 1313 657 1364 εἰ
688 1312 750 1365 δὲ
779 1314 1025 1380 βραχεῖα,
1058 1309 1329 1379 ἐπίτριτος
1355 1309 1608 1378 τέταρτος
1632 1356 1659 1362 -
1678 1356 1704 1362 -
1722 1357 1748 1361 -
1766 1312 1840 1376 m]

146 1393 314 1446 πάλιν
361 1395 412 1446 εἰ
459 1397 653 1463 ἴαμβος
699 1394 1001 1461 παραλήγει
1049 1401 1143 1460 τῆς
1192 1391 1590 1461 ἐπιφερομένης
1635 1399 1844 1461 μακρᾶς

150 1475 335 1542 οὔσης,
376 1476 586 1542 γίνεται
627 1477 877 1543 βακχεῖος
915 1493 1056 1527 υ-,ε
1097 1505 1166 1510 -
1192 1471 1408 1545 A(G)I
1870 1494 1910 1527 15

259 1555 297 1620 †
329 1557 388 1608 οὐ
427 1564 606 1618 καλῶς·
649 1559 693 1608 εἰ
730 1559 823 1625 γὰρ
864 1559 992 1618 ἅπαξ
1032 1560 1350 1624 τετράχρονον
1387 1559 1642 1623 λαμβάνει,
1684 1557 1766 1606 διὰ
1798 1558 1846 1607 τί

149 1632 215 1696 μὴ
257 1632 341 1682 καὶ
380 1633 495 1692 τοὺς
534 1632 735 1693 ἅλλουςς
777 1662 845 1666 -
879 1632 929 1681 Α

264 1717 346 1785 16,
371 1719 404 1770 6
453 1723 662 1787 εἴρηται
712 1719 815 1787 γὰρ
861 1718 945 1771 ὅτι
986 1717 1074 1772 ἐπὶ
1115 1727 1209 1787 τῆς
1249 1720 1564 1780 τελευταίας
1603 1716 1691 1770 ἐπὶ
1731 1727 1843 1771 τῶν

149 1798 535 1868 ἀκαταλήκτων
597 1800 699 1852 οὐκ
763 1799 1054 1853 ἐνδέουσιν
1117 1801 1243 1853 οὔτε
1303 1800 1490 1868 ἴαμβοι
1546 1801 1674 1853 οὔτε
1730 1802 1841 1852 στί-

149 1901 258 1949 χοι;
302 1912 369 1918 —
396 1881 449 1935 A
1867 1902 1910 1934 20

262 1962 347 2030 16,
373 1963 401 2014 7
437 1964 498 2016 τὸ
542 1964 802 2031 ἰαμβικὸν
839 1962 1041 2032 μέτρον
1079 1965 1214 2016 κατὰ
1247 1966 1513 2032 συζυγίαν
1551 1972 1838 2032 μετρεῖται.

148 2044 236 2096 καὶ
284 2046 434 2096 ἔστιν
481 2043 513 2111 ἡ
563 2047 793 2112 συζυγία
839 2044 870 2112 ἢ
915 2046 1168 2114 διΐαμβος
1208 2045 1261 2108 ἓξ
1307 2047 1523 2114 χρόνων
1561 2043 1594 2112 ἢ
1636 2043 1839 2113 ἐπίτρι-

148 2145 239 2188 τος
277 2128 459 2194 τρίτος
498 2128 715 2195 χρόνων
755 2124 904 2193 ἑπτά,
944 2125 976 2194 ἢ
1018 2127 1484 2192 πεντασύλλαβος’
1527 2128 1642 2178 ἔστι
1680 2127 1740 2179 δὲ
1781 2125 1840 2179 ἐκ

149 2207 425 2260 δακτύλου
467 2206 555 2259 καὶ
599 2208 799 2274 ἰάμβου
841 2205 1172 2276 ἑπτάχρονος
1210 2209 1242 2276 ἢ
1283 2208 1583 2260 σπονδείου
1624 2207 1713 2260 καὶ
1750 2228 1838 2276 χο-

150 2290 303 2354 ρείου
352 2287 686 2358 ἑπτάχρονος
724 2287 756 2356 ἢ
800 2289 1000 2357 ἰάμβου
1048 2288 1138 2341 καὶ
1191 2293 1412 2358 χορείου
1454 2287 1765 2358 ἑξάχρονος·
1807 2289 1908 2358 ἢεὸ

268 2483 293 2520 2
327 2477 500 2523 ἐνδέων
535 2479 589 2532 C,
631 2479 783 2523 ἐνδεῖν
816 2481 864 2532 I,
906 2479 954 2523 ἐν
986 2481 1032 2523 Α
1065 2477 1191 2523 Caes.
1252 2483 1257 2536 l
1315 2481 1422 2536 post
1453 2477 1701 2554 τριβραχυς
1733 2479 1839 2523 add.

148 2536 404 2594 παραλήγει
439 2539 469 2580 Ι
515 2540 529 2594 Η
584 2543 610 2580 4
643 2537 840 2612 γίνεται]
874 2538 1051 2596 λέγεται
1083 2539 1117 2582 Ι
1160 2543 1165 2594 Ι
1215 2541 1323 2595 post
1355 2537 1654 2596 ἀμφίβραχυς
1685 2538 1842 2580 omnia.

150 2609 236 2639 om.
266 2598 303 2642 C'
329 2599 343 2652 Η
375 2601 400 2640 8
432 2595 622 2651 ποιήσοι
654 2595 713 2642 ἂν
746 2599 779 2640 Ι
808 2600 813 2654 1
843 2597 1082 2641 schemata,
1114 2597 1401 2654 syllabarum
1433 2611 1617 2664 semper
1649 2611 1735 2640 om
1770 2599 1800 2640 I
1827 2597 1842 2654 Η

153 2659 324 2699 10-13
358 2656 539 2710 seclusi,
573 2670 857 2712 quamquam
884 2657 940 2700 de
964 2670 1180 2714 perversa
1205 2658 1418 2701 doctrina
1443 2656 1557 2700 certi
1583 2656 1841 2712 quidquam

151 2713 382 2758 affirmare
413 2730 505 2759 non
536 2715 649 2759 licet
687 2719 701 2772 Η
735 2720 788 2759 10
821 2713 959 2789 παρ’]
992 2716 1098 2770 περὶ
1123 2718 1157 2760 Ι
1188 2719 1201 2772 Η
1240 2722 1291 2759 12
1327 2716 1355 2772 ἡ
1380 2715 1637 2771 παράληξις
1661 2714 1840 2771 scripsi,

151 2771 179 2828 ἡ
205 2773 538 2830 παραλήγουσα
563 2776 621 2826 4,
654 2774 935 2831 παραλήγων
953 2778 986 2819 Ι
1002 2778 1017 2832 Η
1044 2779 1098 2818 14
1123 2774 1385 2832 παραλήγοι
1408 2777 1442 2818 Ι
1459 2778 1474 2831 Η
1500 2779 1672 2818 16-17
1700 2774 1841 2818 casti-

151 2834 290 2887 gatur
319 2833 628 2889 interpolator
652 2847 865 2877 versuum
892 2839 1065 2877 10—13
1114 2835 1169 2878 οὐ
1195 2836 1259 2889 K,
1285 2849 1371 2878 om.
1391 2836 1435 2878 A
1453 2837 1465 2890 Η
1486 2838 1539 2876 18
1566 2834 1626 2876 ad
1647 2838 1714 2887 16,
1725 2838 1840 2876 4—5

153 2890 422 2935 dubitanter
452 2892 608 2937 rettul.
645 2893 773 2936 Stud.
814 2896 829 2949 Η
877 2898 929 2936 21
964 2894 1015 2938 τὸ
1035 2893 1275 2949 -μέτρον
1308 2908 1396 2938 om.
1421 2895 1466 2938 A
1513 2895 1527 2948 Η
1575 2898 1630 2935 *23
1664 2892 1756 2937 ἔστι
1789 2891 1840 2936 δε

151 2951 192 2991 Α
206 2949 267 3003 D,
300 2964 386 2993 om.
417 2952 471 3004 O,
504 2951 607 2995 fort.
642 2954 767 2995 recte
810 2957 812 2974 ‘
845 2957 900 2995 24
934 2950 1109 3008 ἢ-25
1144 2952 1428 3010 ἑπτάχρονος
1460 2966 1546 2995 om.
1577 2953 1615 2997 C
