2090 3158
241 134 310 187 56
431 134 853 176 ΗΦΑΙΣΤΙῼΝΟΣ
884 134 1272 175 ΕΓΧΕΙΡΙΔΙΟΝ
1304 133 1448 174 ΠΕΡΙ
1476 133 1736 175 ΜΕΤΡΩΝ.

242 269 414 322 κᾶσθ’
454 270 595 323 ὅπου
635 278 846 339 συνῆψε
885 269 986 336 τὴν
1025 266 1172 330 λέξιν
1212 265 1434 338 (Sapph.
1470 265 1600 337 100)

390 352 712 419 μελλίχροος
752 349 811 402 δ’
850 349 942 403 ἐπ’
983 351 1178 420 ἱμερτῷ
1212 347 1432 416 κέχυται
1471 349 1760 420 προσώπῳ.

249 435 497 484 Τοσαῦτα
539 429 628 483 καὶ
668 429 794 499 περὶ
833 440 944 483 τῶν
985 430 1392 498 άσυναρτήτων.

1011 628 1152 682 XVI.

199 771 216 803 5
662 746 824 818 Περὶ
865 750 1510 826 πολυσχηματίστων.

354 867 430 935 (1)
450 867 945 934 Πολυσχημάτιστα
964 866 1024 918 δὲ
1041 870 1284 919 καλεῖται
1302 866 1402 919 ὅσα
1427 886 1526 918 κατ
1540 865 1926 935 ’ἐπιλογισμὸν

238 949 338 1016 μὲν
390 947 591 1001 οὐδένα
641 951 858 1015 πλῆθος
906 947 1209 1016 ἐπιδέχεται
1257 948 1570 1016 σχημάτων,
1621 950 1756 1000 κατὰ
1794 966 1926 1017 προ-
1952 953 2078 1012 [108]

241 1032 452 1097 αι’ρεσιν
501 1030 561 1082 δὲ
609 1030 785 1091 ἄλλως
831 1039 942 1082 τῶν
992 1028 1348 1099 χρησαμένων
1394 1039 1658 1097 ποιητῶν·
1714 1031 1927 1083 τούτων

242 1110 301 1163 δ’
342 1111 707 1179 ἐπισημότατα
747 1110 859 1163 ἐστι
899 1111 1042 1163 τάδε.

174 1214 215 1245 10
351 1193 435 1259 (2)
480 1193 552 1244 Τὸ
587 1193 979 1261 Πριάπειον,
1020 1191 1087 1244 οὐ
1127 1194 1303 1260 μόνον
1345 1193 1565 1262 ἰαμβικῇ
1599 1200 1662 1262 τῇ
1696 1192 1926 1263 δευτέρα

238 1274 545 1342 χρώμενον,
587 1273 724 1326 ἀλλὰ
762 1274 851 1326 καὶ
892 1275 1237 1343 χοριαμβικῇ·
1291 1273 1380 1325 καὶ
1419 1274 1518 1326 τὸν
1558 1273 1927 1327 ἀντίσπαστον

237 1353 368 1407 ἔσθ’
408 1354 521 1422 ὅτε,
569 1355 668 1406 τὸν
714 1364 935 1423 πρῶτον
974 1361 1072 1406 τοῦ
1112 1355 1316 1416 παντὸς
1366 1353 1592 1423 μέτρου,
1641 1358 1718 1417 εἰς
1759 1369 1924 1409 σπον-

238 1437 389 1488 δεῖον
427 1444 776 1505 περαιοῦσι-ν,
818 1435 913 1488 ἐάν
952 1455 1009 1487 τε
1050 1434 1155 1487 άπὸ
1198 1435 1398 1504 ἰάμβου
1439 1437 1692 1506 ἄρχηται,
1733 1435 1829 1489 ἐάν
1867 1457 1924 1489 τε

238 1516 342 1570 άπὸ
383 1519 666 1587 τροχαίου,
714 1518 849 1570 κατὰ
894 1517 955 1569 τὸ
1006 1515 1331 1585 δεδομένον,
1379 1515 1476 1569 ἐάν
1514 1537 1571 1570 τε
1612 1517 1716 1570 ἀπὸ
1758 1531 1924 1571 σπον-

173 1621 213 1652 15
240 1600 411 1667 δειόυ,
445 1592 565 1651 οἷον
589 1619 697 1667 παρ
714 1598 726 1618 ’
750 1599 1075 1668 Εὐφορίωνι
1101 1605 1174 1670 τῷ
1196 1600 1615 1669 Χερρονησιώτη
1635 1597 1923 1670 (Meinekez

237 1679 391 1732 Anal.
421 1679 567 1732 Alex.
594 1699 641 1749 p.
669 1678 801 1750 341)

386 1762 450 1814 οὐ
492 1762 740 1830 βέβηλος,
782 1759 821 1814 ὦ
862 1760 1069 1814 τελεταὶ
1109 1769 1208 1814 τοῦ
1249 1761 1381 1815 νέου
1421 1763 1725 1831 Διονύσου,
1947 1768 2075 1826 [109]

383 1841 532 1910 κάγὼ
576 1841 635 1894 δ’
674 1842 726 1906 ἐξ
767 1843 1081 1912 εὐεργεσίης
1121 1843 1495 1911 ὠργιασμένος
1533 1844 1661 1911 ἥκω,
1955 1852 2010 1891 58

384 1922 598 1976 ὁδεύων
640 1926 1031 1991 Πηλουσιακὸν
1070 1933 1331 1994 κνεφαῖος
1369 1926 1517 1994 παρὰ
1555 1924 1734 1991 τέλμα.

171 2028 211 2058 20
350 2006 431 2073 (3)
465 2003 690 2073 Ὁμοίως
730 2006 791 2058 δὲ
822 2004 908 2058 καὶ
953 2004 1041 2058 ἐπὶ
1073 2015 1183 2059 τῶν
1226 2008 1655 2058 Γλυκωνείων
1694 2014 1919 2059 τοιαῦτα
1946 2012 2072 2070 [110]

236 2089 480 2154 σχήματα
518 2087 1023 2155 παραλαμβάνεται,
1069 2081 1190 2140 οἷον
1230 2086 1290 2140 ἐν
1329 2096 1442 2150 τοῖς
1482 2089 1761 2157 Κορίννης
1799 2086 1919 2158 (20)

591 2168 729 2219 καλὰ
767 2167 948 2235 γέροι’
987 2169 1277 2235 ἀεισομένα

600 2249 998 2316 Ταναγρίδεσσι
1038 2251 1441 2313 λευκοπέπλοις.

356 2398 409 2436 17
443 2394 574 2437 Dion.
602 2393 704 2436 Hal.
738 2394 795 2438 de
828 2409 976 2450 comp.
1001 2395 1122 2439 verb.
1151 2410 1186 2439 c.
1213 2402 1239 2439 4
1273 2411 1316 2452 p.
1346 2401 1480 2450 16‚5.
1544 2396 1664 2439 Max.
1700 2395 1829 2439 Pla-n.
1870 2396 1918 2438 in

234 2452 450 2508 Hermog.
478 2452 600 2496 RhG
627 2453 665 2496 V
690 2458 789 2506 491,
811 2459 864 2496 12
905 2461 1000 2504 τοῖς
1038 2453 1304 2508 πριαπείοις
1329 2491 1336 2499 .
1367 2491 1374 2499 .
1404 2491 1411 2498 .
1441 2453 1720 2513 συμβέβηλος
1759 2455 1819 2504 ὡς
1849 2454 1918 2499 λέ-

236 2528 361 2567 γεται
388 2519 468 2556 τοῦ
494 2510 602 2556 νέου
620 2512 876 2557 Διονύσου·
904 2514 1029 2569 κάγὼ
1056 2511 1103 2557 δ’
1126 2514 1170 2567 ἐξ,
1198 2512 1455 2571 εὐεργεσίης
1479 2514 1790 2571 ὠργιασμένος
1808 2511 1916 2569 ἥκω.

356 2650 375 2687 1
412 2643 557 2689 κᾶσθ’
579 2643 697 2689 ὅπου
723 2644 996 2700 Thiemann‚
1029 2647 1107 2690 καὶ
1141 2646 1164 2690 ὁ
1197 2653 1315 2697 ποῦς
1340 2648 1398 2702 Α,
1431 2647 1507 2690 καὶ
1526 2645 1721 2699 -λέξιν
1748 2660 1833 2689 om.
1854 2648 1917 2702 ΙΙΙ

237 2708 258 2745 'a'
295 2703 375 2758 μὲν
408 2718 493 2748 om.
529 2706 562 2747 I
602 2707 615 2761 ΙΙ
664 2710 718 2748 14
751 2703 1032 2762 δεδογμένον
1067 2707 1119 2760 C,
1162 2705 1331 2750 Caesar
1376 2708 1389 2762 ΙΙ
1438 2711 1491 2748 15
1531 2703 1812 2762 χερρονησίω
1846 2707 1877 2748 Ι
1904 2709 1918 2762 Η

237 2768 287 2805 17
322 2763 470 2819 τελετὴ
506 2765 535 2806 Ι
563 2766 576 2819 ΙΙ
604 2768 656 2807 19
691 2763 868 2807 ὁδεύων
899 2765 959 2820 ΙΙ
988 2764 1256 2820 παρατέλμα
1281 2767 1339 2819 A,
1372 2764 1500 2820 παρὰ
1525 2767 1690 2820 λαῖτμα
1715 2765 1756 2818 Ι,
1788 2765 1917 2818 παρὰ

233 2820 370 2876 λέτμα
403 2822 458 2864 H
485 2824 498 2877 ΙΙ
524 2827 578 2864 20
610 2822 667 2866 τὰ
697 2830 889 2866 τοιαῦτα
922 2825 951 2866 1
981 2826 994 2879 Η
1019 2828 1074 2866 22
1107 2824 1225 2867 καλὰ
1257 2823 1414 2881 γέροια
1447 2826 1505 2876 Α,
1538 2822 1812 2879 καλαγέρεια
1845 2825 1876 2866 Ι
1908 2823 1912 2881 Q

235 2879 446 2935 εἰσομένα
481 2881 626 2934 codd„
661 2896 771 2925 corr.
799 2881 948 2925 Hiller
972 2885 984 2938 ΙΙ
1011 2887 1065 2926 23
1097 2881 1394 2939 ταναγρίὸεσι
1426 2884 1457 2926 I
