2090 3158
67 1032 128 1087 (3)

0 1685 55 1740 3⁷,
74 1690 130 1729 20

769 157 1232 201 HPOAEPOMENA
1779 161 1850 213 85

162 289 276 343 έστι
330 292 431 360 τὴν
477 291 762 361 διποδίαν,
816 294 888 355 ὡς
935 293 1070 348 ὅταν
1114 294 1175 347 τὸ
1225 295 1481 363 ἰαμβικὸν
1530 296 1591 348 τὸ
1641 295 1745 350 ἀπὸ
1797 295 1852 360 ἓξ

160 373 350 424 ποδῶν
395 377 758 444 συγκείμενον
804 376 1096 445 τρίμετρον
1141 379 1405 444 καλῶμεν.
1485 376 1721 446 (μέτρον
1759 398 1853 431 κα-

163 458 367 520 λοῦμεν
412 453 503 508 καὶ
542 456 643 510 τὸν
684 458 851 509 πόδα
877 497 1075 509 ......
1079 458 1128 523 >.
1204 456 1408 526 μέτρον
1446 462 1724 526 καλοῦμεν
1762 457 1852 512 καὶ

160 536 259 588 τὸν
305 538 569 605 χρόνον,
618 538 684 591 ὅν
730 558 875 601 τινες
922 548 1032 591 τῶν
1079 539 1372 607 ῥυθμικῶν
1409 549 1647 610 ,σημεῖον
1683 555 1854 611 προσ-

163 618 547 687 αγορεύουσιν.
625 619 709 673 ὅτι
756 620 818 672 δὲ
871 627 1035 673 τοῦτο
1088 621 1261 684 οὕτως
1315 618 1451 691 ἔχει,
1506 622 1853 692 παράδειγμα

162 702 476 768 τεθήσεται,
516 701 546 753 ὅ
584 721 730 764 τινες
767 698 870 770 μὲν
901 700 1168 771 Ὀρφέως,
1207 703 1353 766 τινὲς
1392 703 1453 756 δὲ
1491 712 1587 772 τῆς
1626 706 1854 767 Πυθίας

160 781 640 851 ὑπολαμβάνουσι·
710 784 834 853 περὶ
894 786 997 853 γὰρ
1062 794 1173 838 τῶν
1235 783 1383 838 ἐπῶν
1442 784 1618 853 λέγων
1681 786 1711 854 ἢ
1771 784 1854 838 λέ-

162 877 338 930 γουσα

316 947 518 1014 ὄρθιον
559 945 808 1017 ἑξαμερὲς
845 950 1082 1017 τετόρων
1120 947 1210 1001 καὶ
1251 953 1425 1000 εἴκοσι
1464 946 1690 1016 μέτρων.

274 1026 386 1080 Καὶ
411 1035 581 1081 ταῦτα
605 1029 781 1093 οὕτως
813 1028 921 1099 ἔχει
948 1031 1128 1099 ὥσπερ
1155 1034 1359 1099 εἴρηκα.
1405 1029 1608 1098 μέτρον
1632 1031 1737 1099 γὰρ
1763 1028 1852 1083 καὶ

160 1110 220 1162 τὸ
266 1118 507 1178 μετροῦν
554 1113 644 1164 καὶ
691 1113 752 1164 τὸ
800 1112 1199 1181 μετρούμενον·
1256 1111 1432 1174 οὕτως
1478 1111 1568 1164 καὶ
1617 1109 1705 1164 ἐπὶ
1743 1120 1855 1164 τῶν

158 1191 574 1262 προειρημένων
610 1194 742 1247 αὐτὸ
774 1194 835 1246 τὸ
867 1195 1244 1263 μετρούμενον
1275 1191 1524 1246 τουτέστι
1555 1193 1618 1245 τὸ
1650 1195 1856 1262 ποίημα

160 1273 361 1343 μέτρον
406 1276 900 1344 προσαγορεύεται,
947 1276 1036 1328 καὶ
1085 1275 1316 1328 ἕκαστον
1353 1284 1465 1328 τῶν
1503 1276 1856 1343 μετρούντων

160 1365 255 1425 τῆς
301 1356 492 1426 ὁμοίας
540 1357 834 1426 τετύχηκεν
881 1357 1194 1426 ὀνομασίας.
1271 1358 1468 1427 χρόνος
1507 1357 1612 1426 γὰρ
1654 1359 1855 1409 συλλα-

161 1439 269 1506 βὴν
307 1447 471 1504 ποιεῖ,
511 1440 757 1507 συλλαβὴ
799 1436 859 1492 δὲ
898 1440 1060 1507 πόδα,
1100 1441 1240 1502 ποὺς
1279 1439 1339 1492 δὲ
1371 1439 1654 1506 συζυγίαν,
1694 1441 1853 1502 συζυ-

165 1522 255 1587 γία
297 1517 356 1573 δὲ
397 1523 601 1589 στίχον,
655 1523 838 1590 στίχος
878 1517 937 1573 δὲ
977 1523 1199 1589 ποίημα.
1274 1521 1452 1574 πάντα
1493 1516 1596 1574 οὖν
1635 1522 1855 1584 εἰκότως

162 1601 330 1670 μέτρα
368 1604 852 1672 προσαγορεύεται.

276 1683 324 1736 6.
381 1682 586 1752 Γέγονε
627 1685 688 1738 δὲ
727 1684 833 1737 ἀπὸ
880 1691 980 1736 τοῦ
1020 1686 1189 1753 μείρω
1230 1683 1492 1753 ῥήματος,
1546 1683 1574 1736 ὅ
1617 1681 1730 1737 ἐστι
1768 1703 1855 1751 με·

166 1767 310 1833 ρι’ζω,
351 1764 457 1833 ἀφ’
496 1760 562 1818 οὗ
601 1766 749 1835 παρὰ
786 1771 861 1837 τῷ
894 1773 1091 1836 ποιητῇ
1132 1763 1181 1836 (Ι
1206 1763 1339 1835 612)

246 1911 250 1915 ,
314 1843 438 1900 ἴσον
479 1845 598 1916 ἐμοὶ
637 1849 895 1915 βασίλευε
934 1845 1022 1899 καὶ
1064 1847 1234 1916 ἥμισυ
1274 1848 1457 1916 μείρεο
1498 1855 1669 1916 τιμῆς.

162 1929 234 1992 ὡς
280 1930 384 1998 γὰρ
432 1930 579 1998 παρὰ
624 1930 684 1982 τὸ
733 1931 860 1982 σείω
908 1937 1163 1997 σεῖστρον
1209 1931 1418 1996 γίνεται
1465 1927 1554 1981 καὶ
1606 1930 1753 1998 παρὰ
1791 1929 1854 1981 τὸ

162 2009 304 2078 δέρω
351 2009 586 2079 δέρτρον
632 2009 722 2063 καὶ
770 2012 917 2078 παρὰ
964 2011 1024 2064 τὸ
1074 2009 1224 2079 φέρω
1267 2008 1534 2080 φέρτρον,
1582 2010 1726 2063 οὕτω
1766 2010 1855 2063 καὶ

161 2093 308 2160 παρὰ
359 2093 420 2145 τὸ
468 2095 638 2162 μείρω
685 2091 957 2162 <μέρτρον
1003 2091 1129 2161 καὶ)
1183 2090 1399 2160 μέτρον.
1486 2093 1661 2160 ὄνομα
1717 2099 1856 2159 γοῦν

163 2171 277 2226 ἐστὶ
317 2171 408 2226 καὶ
449 2171 508 2226 ἐκ
548 2181 642 2242 τῆς
683 2173 1039 2242 ἐτυμολογίας
1077 2181 1177 2227 τοῦ
1216 2181 1502 2242 μερισμοῦ.
1545 2205 1618 2210 ——

285 2325 458 2362 14—15
490 2319 605 2363 Mar.
625 2319 746 2363 Vict.
765 2319 827 2362 VI
854 2325 923 2374 52,
943 2324 1087 2363 9—18
1113 2322 1127 2376 ΙΙ
1154 2323 1207 2363 18
1240 2320 1316 2363 Ar.
1345 2318 1501 2372 Quint.
1529 2323 1599 2374 32,
1620 2323 1646 2362 8

285 2450 306 2488 1
342 2446 403 2495 ὡς
437 2446 490 2497 Υ,
523 2459 610 2489 om.
639 2446 690 2489 X
733 2448 746 2502 ΙΙ
795 2450 819 2488 2
852 2449 1083 2501 καλοῦμεν
1110 2447 1148 2491 Ο
1193 2447 1201 2504 Ι
1251 2459 1307 2489 ex
1342 2449 1395 2488 15
1430 2446 1476 2488 ct
1509 2443 1670 2488 Chocr.
1698 2446 1745 2488 ct
1769 2445 1854 2486 An.

164 2504 322 2548 Ambr.
363 2504 565 2548 efficitur
605 2505 661 2548 dc
701 2505 819 2560 pede
860 2505 1219 2562 explicationem
1262 2505 1339 2548 hic
1379 2503 1605 2548 excidisse
1652 2506 1667 2559 ΙΙ
1713 2509 1740 2546 4
1781 2501 1856 2561 ὃν]

166 2561 189 2607 ὃ
225 2563 263 2608 C'
304 2566 309 2610 Ι
353 2560 616 2666 ῥυθμικῶν]
651 2572 875 2619 μετρικῶν
910 2566 947 2610 C
989 2567 1003 2621 ΙΙ
1043 2569 1067 2607 6
1102 2562 1416 2620 ὃ-Ὀρφέως
1447 2577 1534 2607 om.
1566 2563 1602 2608 Ο
1633 2565 1653 2633 fl
1687 2567 1709 2606 7
1743 2562 1858 2606 ὑπο-

164 2621 451 2680 λαμβάνουσι
482 2622 592 2667 Krol
617 2658 626 2676 ‚
660 2623 1079 2681 παραλαμβάνουσι
1113 2624 1244 2667 codd.
1275 2626 1281 2680 Ι
1308 2623 1426 2679 λέγει
1461 2623 1497 2667 C
1525 2624 1539 2678 Η
1572 2626 1596 2665 8
1635 2623 1679 2680 η]
1712 2621 1741 2678 ἡ
1774 2623 1819 2665 A
1843 2622 1859 2679 ΙΙ

165 2685 190 2723 9
222 2680 452 2737 τεττάρων
486 2683 553 2739 C'l
582 2681 748 2738 μέτρον
783 2683 821 2726 C
840 2685 854 2739 ΙΙ
882 2687 935 2726 10
967 2682 1055 2740 γὰρ
1089 2683 1270 2739 scripsi,
1303 2682 1354 2726 δὲ
1387 2681 1519 2726 codd.
1546 2684 1560 2737 ΙΙ
1588 2686 1639 2724 12
1666 2680 1857 2737 μετρού-

165 2756 305 2797 μενον
321 2741 554 2796 Pearcius‚
581 2741 745 2797 μέτρον
763 2742 896 2786 codd.
922 2745 936 2798 ss
963 2748 1015 2785 13
1035 2743 1246 2786 καὶ-17
1266 2741 1658 2797 προσαγορεύεται
1685 2753 1771 2783 om.
1793 2739 1858 2797 CI}

167 2803 220 2842 19
257 2797 346 2856 ἀφ’
379 2797 454 2858 οὗ]
489 2799 544 2845 ὃῗ
576 2801 794 2845 Hoersch.
821 2804 835 2858 Η
860 2807 913 2844 21
948 2801 1036 2858 γὰρ
1070 2802 1235 2858 scripsi
1269 2801 1372 2844 coll.
1398 2801 1483 2844 An.
1509 2800 1684 2853 Ambr.‚
1717 2797 1769 2844 δὲ
1798 2800 1858 2852 Α,

166 2858 222 2914 δὴ
259 2858 300 2975 O]
329 2860 344 2915 ΙΙ
388 2864 442 2902 23
476 2859 672 2915 μέρτρον
705 2861 784 2903 καὶ
815 2861 952 2905 inser.
978 2860 1166 2905 Wilam.
1202 2861 1277 2917 (cf.
1305 2859 1555 2903 Herodian.
1582 2859 1622 2901 ΙΙ
1649 2861 1810 2914 298,4)
1848 2858 1854 2915 Ι

165 2924 280 2974 γοῦν
334 2917 421 2974 γάρ
457 2919 495 2963 C

1880 1050 1922 1082 10

1880 1458 1921 1490 15
