2060 3168
231 176 339 228 322
816 179 1067 220 APPEND.
1100 179 1338 220 DIONYS.

231 319 450 381 ροῦμεν.
535 313 622 364 διὸ
677 310 767 364 καὶ
823 313 1103 378 συνίζησις
1157 311 1392 379 λέγεται·
1449 314 1762 377 συνιζάνειν
1813 315 1918 383 γὰρ

230 392 461 460 λέγομεν
499 394 559 445 τὸ
600 390 659 445 ἔκ
698 413 848 454 τινος
893 395 1142 461 μείζονος
1189 395 1264 454 εἰς
1306 396 1533 446 ἔλαττον
1572 396 1918 461 συμπίπτειν.

230 479 438 543 εἴρηται
479 471 539 526 δὲ
580 475 858 542 συνίζησις
898 473 1001 526 ἀπὸ
1040 482 1140 526 τοῦ
1181 476 1587 542 συμβαίνοντος
1625 477 1750 545 περὶ
1788 479 1918 538 τοὺς

227 554 654 624 καθεζομένους,
707 554 893 622 ἐπειδὴ
943 551 1096 607 οὗτοι
1143 555 1514 618 καθεσθέντες
1554 557 1919 611 συστέλλουσι

186 656 205 688 5
229 637 289 688 τὸ
334 635 583 704 μέγεθος.

940 774 1066 844 Cap.
1091 774 1209 828 VII.

290 895 465 946 Κατὰ
503 896 746 956 πόσους
783 896 1066 961 τρόπους
1106 897 1360 962 γίνεται
1401 896 1569 963 χωλὰ
1607 898 1680 972 τὰ
1722 894 1854 965 ἔπη.

341 1014 560 1064 Γίνεται
617 1012 678 1065 δὲ
731 1014 867 1064 κατὰ
922 1012 975 1075 ἓξ
1024 1015 1264 1082 τρόπους
1311 1014 1376 1066 τὰ
1423 1011 1523 1082 ἔπη
1573 1016 1741 1083 χωλά·
1795 1017 1921 1084 ἤτοι

228 1096 363 1147 κατὰ
403 1095 819 1162 πλεονασμὸν
859 1094 891 1163 ἢ
930 1093 1057 1147 κατ’
1095 1092 1372 1147 ἔνδειαν.

161 1195 203 1227 10
343 1177 386 1227 1.
437 1176 569 1229 ὅταν
614 1176 716 1242 μὲν
757 1171 860 1228 οὖν
899 1176 931 1244 ἡ
973 1175 1108 1245 ἀρχὴ
1149 1178 1450 1246 πλεονάσῃ,
1496 1178 1922 1246 προκέφαλον

226 1262 488 1324 καλεῖται,
530 1258 602 1319 ὡς
641 1258 700 1309 τὸ
742 1255 801 1328 (δ
827 1255 958 1328 682)

375 1345 406 1413 ἢ
448 1345 724 1412 εἰπέμεναι
765 1347 1015 1416 δμωῇσιν
1048 1345 1347 1415 Ὀδυσσῆος
1385 1350 1587 1400 θείοιο’

226 1443 452 1511 περριτὴ
493 1443 596 1510 γὰρ
638 1443 669 1510 ἡ
709 1443 894 1511 πρώτη
937 1445 1202 1510 συλλαβή,
1241 1439 1305 1511 ἧς
1341 1443 1736 1514 ἀφαιρεθείσης
1770 1455 1922 1498 σῶον

227 1525 437 1591 γίνεται
476 1526 537 1576 τὸ
579 1522 720 1586 ἔπος.
865 1550 871 1554 ·

160 1623 201 1656 15
338 1605 386 1657 2.
428 1605 560 1657 ὅταν
599 1602 658 1657 δὲ
699 1604 948 1675 ἐνδεήσῃ,
990 1605 1342 1673 ἀκέφαλον,
1384 1607 1456 1668 ὡς
1494 1609 1554 1660 τὸ
1598 1605 1768 1677 (ΨΞ)

375 1692 559 1761 ἐπειδὴ
602 1695 736 1762 νῆάς
774 1714 831 1746 τε
869 1695 958 1746 καὶ
993 1693 1400 1762 Ἑλλήσποντον
1440 1696 1647 1747 ἵκοντο·

227 1791 400 1841 λείπει
454 1790 559 1858 γὰρ
615 1797 688 1861 τῷ
737 1792 933 1862 πρώτῳ
988 1790 1118 1842 ποδὶ
1173 1791 1309 1859 πρὸς
1355 1792 1455 1859 τὴν
1502 1792 1769 1845 σύστασιν
1815 1800 1918 1845 τοῦ·

226 1870 427 1938 μέτρου
468 1872 681 1938 χρόνος.

338 1951 386 2003 3.
436 1952 538 2004 ὅσα
585 1952 645 2003 δὲ
693 1951 753 2004 ἐν
799 1961 872 2024 τῷ
921 1952 1065 2024 μέσῳ
1121 1954 1419 2023 πλεονάσῃ,
1474 1954 1775 2023 ῒλαγαρὰ
1821 1975 1918 2007 κα->

161 2053 203 2084 20
229 2035 417 2099 λεῖται,
458 2033 530 2094 ὡς
568 2034 628 2085 τὸ
671 2034 740 2102 <B
766 2033 897 2104 544)

375 2122 631 2188 θώρηκας
672 2120 857 2190 ῥήξειν
898 2125 1071 2191 δηΐων
1111 2122 1250 2192 ἀμφὶ
1293 2126 1623 2191 στήθεσφιν·

226 2216 544 2286 ὑπερβαίνει
586 2218 689 2287 γὰρ
730 2219 831 2286 τὴν
871 2218 1180 2289 ὡρισμένην
1222 2221 1572 2289 συμμετρίαν.

346 2412 369 2447 ἵ)
403 2405 490 2448 hoc
523 2404 676 2462 capite
701 2422 811 2450 usus
837 2409 907 2451 est
931 2408 1143 2451 Eustat-h.
1172 2409 1230 2451 ad
1258 2411 1297 2451 E
1316 2413 1398 2451 349
1425 2424 1468 2465 p.
1486 2409 1902 2470 554‚30—555‚111

230 2468 282 2506 15
310 2465 450 2507 schol.
477 2466 537 2507 ad
562 2469 704 2508 X379
733 2466 1086 2522 (Dionys.Th1-.;
1114 2467 1168 2510 cf.
1197 2467 1435 2511 Rauscher
1460 2468 1901 2526 Diss.A1gt.X1641

231 2527 282 2565 19
316 2523 529 2567 Eustath.
565 2525 625 2567 ad
661 2529 694 2568 Ζ
722 2529 805 2568 265
837 2540 880 2580 p.
910 2531 1008 2581 641,
1028 2531 1082 2569 29

347 2689 371 2726 5
404 2684 461 2728 τὰ
494 2685 665 2742 μεγέθη
700 2688 744 2730 Ρ
764 2688 777 2742 ΙΙ
804 2692 826 2728 7
863 2686 985 2736 ὅπως
1023 2686 1200 2744 γίνεται
1231 2688 1288 2731 τὰ
1322 2688 1406 2744 ἔπη
1438 2687 1561 2745 χωλά
1593 2690 1672 2744 ΡΗ
1697 2693 1721 2730 8
1755 2687 1910 2744 γίνον-

227 2758 303 2785 ται
343 2740 426 2786 οὖν
458 2744 515 2786 τὰ
549 2745 632 2800 ἔπη
672 2746 795 2802 χωλὰ
831 2747 949 2789 κατὰ
981 2745 1181 2801 τρόπους
1213 2745 1257 2799 ἕξ
1291 2749 1336 2791 P
1385 2751 1398 2803 Η
1454 2753 1477 2790 9
1511 2745 1614 2790 κατ’
1645 2761 1731 2791 om.
1760 2749 1867 2791 ΚΕ
1897 2750 1911 2804 ΙΙ

230 2806 283 2843 12
317 2796 345 2856 ἦ
379 2802 604 2846 Homerus
629 2807 643 2859 ΙΙ
670 2809 721 2846 13
757 2804 865 2862 γὰρ]
899 2806 980 2860 μὲν
1013 2805 1100 2862 γὰρ
1134 2808 1178 2849 Ρ
1205 2808 1219 2861 ΙΙ
1246 2811 1298 2848 15
1333 2806 1491 2861 ἐνδεὴς
1523 2801 1550 2860 ἦ
1576 2808 1650 2862 ΡΙ
1679 2805 1910 2861 ἀκέφαλος

229 2861 359 2903 codd.
386 2863 399 2916 Η
428 2867 478 2903 19
512 2862 754 2906 πλεονάσει
779 2865 832 2907 K
855 2867 860 2918 Ι
887 2878 970 2919 pro
1003 2864 1182 2921 λαγαρά
1207 2868 1443 2920 exspectes
1470 2865 1572 2908 coll.
1599 2865 1767 2908 801101.Β
1795 2882 1911 2921 προ-

228 2916 394 2973 noima,
426 2920 475 2961 id
508 2922 632 2975 quod
664 2922 750 2964 hoc
782 2922 883 2965 loeo
917 2925 986 2965 esss
1017 2924 1065 2965 in
1096 2924 1132 2965 B
