2090 3158
0 688 88 775 104)

0 889 14 912 γ

4 2939 14 2991 ιῗ

4 3037 21 3158 i

525 172 585 213 14
615 171 760 212 ΠΕΡΙ
789 170 1024 212 ΚοΙΝΗΣ
1057 170 1397 211 ΣΤΛΛΑΒΗΣ
1706 168 1809 220 189

120 306 254 375 ὅρον
294 305 397 358 οὐκ
437 302 624 367 ἔδοξεν
660 304 827 373 αὐτῆς
857 309 1063 371 θεῖναι,
1104 301 1235 356 οὐδὲ
1268 311 1363 371 τῆς
1394 302 1551 356 θέσει
1582 311 1810 372 μακρᾶς·

118 387 208 440 καὶ
261 388 505 449 εἰκότως·
561 383 748 454 ἐπειδὴ
797 388 994 454 φασίν,
1043 385 1125 437 ὅτι
1175 385 1278 438 οὐκ
1326 384 1378 448 ἐξ
1429 385 1614 437 αὐτῶν
1654 387 1812 453 εἰσίν,

121 468 259 521 ἀλλὰ
304 467 461 520 θέσει
508 466 540 535 ἢ
588 465 790 536 μακραὶ
838 467 870 535 ἢ
918 470 1166 536 βραχεῖαι
1215 469 1480 534 γίνονται.
1557 467 1814 535 περιττὸν

122 550 183 603 δὲ
235 558 330 618 τῆς
376 550 448 618 μὴ
497 549 666 617 οὔσης
713 549 849 616 ὅρον
895 547 1228 601 ἀποδοῦναι·
1280 549 1332 600 οἱ
1381 548 1485 617 γὰρ
1533 548 1654 616 ὅροι
1702 558 1813 601 τῶν

121 632 300 684 ὄντων
338 631 519 698 φύσει.
1861 650 1879 683 5

232 705 334 774 Εἷς
379 714 581 782 τρόπος
628 708 688 764 δὲ
737 711 851 763 ἐστι
899 719 995 779 τῆς
1039 718 1232 778 κοινῆς
1280 713 1581 779 συλλαβῆς,
1629 712 1677 764 εἰ
1723 710 1813 763 καὶ

122 793 306 856 ἁπλῶς
345 793 508 856 αὐτὸς
549 794 713 845 δοκεῖΙ
738 802 883 861 τρεῖς
923 792 1104 860 λέγειν
1135 794 1391 862 τρόπους,
1431 792 1682 862 καθάπερ
1722 791 1814 845 καὶ

123 875 152 928 ὁ
192 876 508 938 Διονύσιος.
571 875 704 928 ὅταν
744 875 847 943 γὰρ
889 876 966 936 εἰς
1003 875 1220 944 μακρὰν
1252 876 1388 944 λήγῃ
1429 873 1518 927 καὶ
1552 873 1814 944 ἆπαρτίζῃ

123 958 200 1019 εἰς
245 955 410 1024 μέρος
457 958 627 1024 λόγου
674 957 926 1022 καθαρὸν
971 954 1062 1008 καὶ
1109 957 1212 1023 τὴν
1258 954 1380 1024 ἑξῆς
1417 952 1512 1026 ἔχῃ
1554 955 1660 1009 ἀπὸ
1701 976 1815 1024 φω-

122 1039 350 1105 νήεντος
390 1036 715 1108 ἀρχομένην,
765 1038 922 1105 κοινὴ
964 1040 1187 1104 γίνεται.
1265 1037 1354 1090 καὶ
1393 1045 1558 1090 τοῦτο
1598 1037 1816 1100 πάντως
1840 1058 1882 1091 10

121 1120 405 1189 πρόδηλον
447 1119 505 1171 ἐκ
543 1128 655 1171 τῶν
686 1119 1160 1187 παραδειγμάτων.
1237 1121 1550 1188 κεχρήμεθα
1583 1116 1644 1171 δὲ
1677 1119 1814 1188 αὐτῇ

122 1200 213 1254 καὶ
252 1201 430 1269 ἡμεῖς,
482 1198 624 1269 ἡνίκ’
664 1200 733 1253 ἂν
771 1210 1017 1267 ποιῶμεν
1055 1201 1153 1253 τὸν
1193 1199 1546 1269 ἀμφίμακρον
1584 1199 1675 1252 καὶ
1716 1218 1816 1252 πα-

124 1284 477 1351 λιμβάκχειον
516 1283 675 1335 πόδα.

234 1365 326 1434 L(3,
356 1363 447 1431 10)
488 1364 648 1432 Ῥᾷον
688 1365 790 1428 γὰρ
838 1363 1038 1425 γίνεται
1085 1363 1116 1426 ἡ
1157 1363 1375 1427 τοιαύτη
1426 1364 1599 1426 κοινή,
1649 1363 1744 1415 ἐὰν
1783 1364 1814 1427 ἡ

124 1448 356 1511 ςυλλαβὴ
398 1446 471 1498 εἰς
513 1447 671 1510 μέρος
718 1446 886 1507 λόγου
927 1445 957 1512 ῇ
999 1446 1443 1509 πεπερατωμένη,
1493 1445 1566 1496 ὼς
1607 1446 1664 1497 ἐν
1704 1449 1816 1497 τοῖς
1842 1465 1883 1498 15

124 1529 492 1592 προκειμένοις
553 1527 962 1591 παραδείγμαςι·
1034 1527 1399 1591 ςπανιώτερον
1463 1528 1523 1578 δὲ
1584 1528 1669 1578 καὶ
1732 1527 1817 1579 ἐπὶ

127 1611 280 1674 μέςης
328 1610 543 1661 λέξεως·
599 1609 664 1660 οὐ
714 1609 814 1672 μὴν
864 1607 980 1659 ἀλλ’
1029 1607 1174 1671 ὅμως
1223 1607 1533 1672 εύρίςκεται,
1590 1609 1674 1660 καὶ
1722 1595 1816 1673 μάῗ

125 1694 272 1743 λιςτα
314 1691 371 1742 ἐν
411 1694 522 1742 τοῖς
564 1689 746 1742 ἄλλοις
785 1690 1013 1753 μέτροις·
1067 1689 1124 1741 ἐν
1166 1691 1260 1754 μὲν
1300 1689 1521 1758 ἰαμβικῷ
1562 1690 1818 1755 Αἰςχύλος

128 1773 186 1824 ἐν
230 1772 392 1840 Νιόβῃ
437 1768 568 1840 (155
594 1768 672 1840 N)

273 1852 470 1918 Ἴςτρος
508 1853 758 1904 τοιαύτας
798 1852 1099 1916 παρθένους
1140 1852 1433 1917 λοχεύεται,
1842 1875 1884 1907 20

127 1936 184 1987 ἐν
233 1936 292 1986 δὲ
341 1935 535 2004 ἰωνικῷ
583 1939 658 2004 τῷ
708 1933 816 1986 ἀπὸ
858 1934 1099 1998 μείζονος
1141 1934 1393 1986 (ωτόιδου
1436 1934 1488 1987 ἐξ
1529 1933 1817 1986 Ἀδώνιδος

127 2017 253 2068 τόδε

276 2091 394 2142 τίνα
433 2093 543 2142 τῶν
583 2092 829 2141 παλαιῶν
867 2089 1114 2154 ἱςτοριῶν
1155 2089 1323 2141 θέλετ>
1359 2089 1735 2156 <έπ>ακοῦςαι,

130 2173 187 2224 ἐν
228 2174 286 2224 δὲ
327 2171 711 2240 ἀντιςπαςτικῷ
752 2170 1135 2236 Ἀνακρέοντος
1177 2168 1250 2240 (1,
1274 2168 1332 2240 4)

276 2253 307 2316 ἥ
348 2270 444 2304 κου
485 2256 583 2304 νῦν
625 2253 710 2304 ἐπὶ
750 2252 981 2316 Ληθαίου
984 2291 1014 2322 J.
1843 2274 1883 2306 25

248 2395 272 2433 6
299 2390 458 2433 Choer.
488 2395 586 2444 185,
606 2394 628 2431 7
655 2391 669 2445 ΙΙ
696 2394 718 2431 7
745 2388 879 2432 Dion.
905 2389 1012 2438 Thr.
1040 2394 1109 2443 20,
1127 2395 1153 2432 4
1179 2392 1192 2446 ΙΙ
1221 2395 1273 2433 14
1307 2389 1447 2433 schol.
1474 2389 1522 2432 in
1547 2389 1679 2433 Dion.
1708 2390 1816 2432 Thr.

130 2453 229 2503 350,
251 2455 383 2504 lsqq.
434 2449 592 2493 Choer.
621 2448 658 2491 Gr
671 2448 733 2491 Gr
756 2448 819 2491 IV
847 2455 867 2490 1
903 2464 945 2504 p.
976 2453 1074 2503 161,
1096 2453 1149 2492 10
1165 2463 1263 2505 sqq.

251 2571 272 2608 1
309 2567 488 2625 θεῖναι]
523 2570 690 2611 δοῦναι
724 2566 897 2609 schol.A
950 2569 964 2623 ΙΙ
1018 2572 1043 2610 6
1076 2565 1247 2622 τρόπος
1279 2568 1370 2611 ἐστὶ
1401 2574 1561 2623 κοινῆς
1593 2566 1633 2611 εἰ
1667 2568 1724 2620 U3
1757 2566 1814 2611 cf.

132 2629 309 2699 186,16.
341 2630 437 2678 187,
451 2631 520 2669 23.
550 2631 684 2681 196,9
702 2628 715 2682 Η
735 2631 756 2667 ‘a‘
785 2626 926 2676 αὐτὸς
950 2628 1083 2670 δοκεῖ
1105 2626 1258 2677 ἁπλῶς
1277 2629 1330 2670 Κ
1353 2629 1358 2682 1
1387 2626 1715 2728 καθάπεὲὼς
1739 2627 1819 2685 KH

130 2689 155 2727 8
190 2683 213 2728 ὁ
247 2697 333 2728 0111.
371 2686 414 2729 U
449 2689 454 2741 1
499 2685 691 2729 confusa
725 2686 957 2739 doctrina,
991 2686 1072 2729 sed
1106 2686 1224 2729 nihil
1256 2687 1533 2729 mutandum
1641 2686 1815 2730 oersch

131 2745 239 2787 ante
273 2759 385 2788 οταν
416 2744 641 2788 nonnulla
673 2744 899 2788 excidisse
931 2745 1116 2800 putavit
1143 2748 1148 2801 Ι
1177 2745 1381 2803 μακρὰν]
1414 2744 1593 2800 μακρὸν
1626 2744 1778 2801 Denig
1804 2745 1819 2804 Η

132 2807 156 2844 9
199 2802 299 2875 ἔχῃ]
345 2802 435 2861 ἔχει
479 2804 610 2846 codd
666 2806 680 2858 Η
738 2808 791 2846 10
835 2819 1020 2854 παντως
1083 2803 1210 2848 πάνυ
1246 2807 1300 2848 K
1347 2807 1360 2860 ΙΙ
1417 2810 1468 2847 11
1516 2802 1566 2846 δὲ
1611 2817 1698 2846 0111.
1735 2805 1818 2856 U¹¹

134 2867 186 2904 12
220 2878 362 2918 ηνικα
395 2865 500 2918 (0111.
536 2862 610 2918 ἀν)
646 2863 690 2906 U
725 2865 730 2917 Ι
772 2862 852 2905 τὸν
885 2877 972 2906 om.
1083 2866 1098 2919 ΙΙ
1138 2869 1192 2906 23
1227 2863 1482 2907 ἐπακοῦσαι
1517 2862 1680 2919 scripsi
1713 2863 1815 2906 coll.

131 2935 174 2976 p.
204 2926 301 2975 190,
322 2927 398 2976 16;
432 2921 683 2965 ἐσακοῦσαι
715 2921 862 2978 Heph.
