2060 3168
0 567 14 791 ’τῇ-νῆ’

508 158 577 198 ΙΠ
608 158 752 199 ΠΕΡΙ
780 157 906 200 ΤΟΤ
937 157 1213 199 ΗΡΩΙΚΟΤ
1244 157 1487 199 METPOY
1733 156 1840 208 313

155 293 234 354 εἰς
273 292 376 360 γὰρ
415 291 581 360 μέρος
620 293 791 360 λόγου
832 291 1156 360 ἀπήρτισται
1195 292 1228 360 ἡ
1267 294 1369 361 μ-οι
1403 292 1647 360 συλλαβὴ
1687 292 1777 345 καὶ
1809 293 1841 360 ἡ

155 371 274 441 ἑξῆς
314 374 534 442 ἄρχεται
573 373 678 426 ἀπὸ
718 381 813 442 τῆς
851 377 908 426 &i
949 374 1283 441 διφθόγγου.

260 452 335 506 Ἡ
376 451 436 506 δὲ
484 454 607 523 ἕκτη
659 455 807 524 χώρα
846 455 1145 508 σπονδεῖον
1184 453 1395 523 δέχεται
1434 453 1524 506 καὶ
1563 465 1842 523 τροχαῖον·

155 533 244 588 ἐπὶ
290 537 494 598 παντὸς
540 537 644 605 γὰρ
696 535 898 605 μέτρου
944 535 1247 605 ἀδιάφορός
1294 533 1447 588 ἐστιν
1490 535 1523 603 ἡ
1562 539 1844 588 τελευταιά

155 618 416 686 συλλαβή.
1888 637 1907 670 5

266 698 314 750 2.
372 696 648 767 “Ηρωϊκὸν
687 699 748 752 δὲ
795 703 1036 752 καλεῖται
1075 699 1136 752 τὸ
1177 697 1396 767 μέτρον,
1437 697 1654 767 ἐπείπερ
1683 696 1844 767 Ὅμη-

156 799 252 847 ρος
291 779 319 832 ὁ
359 781 584 848 ποιητὴς
623 781 717 842 τὰς
755 790 866 833 τῶν
905 781 1103 849 ἡρώων
1152 779 1373 850 πράξεις
1412 779 1630 844 διεξιὼν
1668 781 1843 851 τούτῳ

155 860 407 929 κέχρηται
446 867 522 933 τῷ
561 860 754 933 μέτρῳ.

386 1021 651 1094 Ἑτέρως
689 1025 834 1094 περὶ
874 1033 987 1078 τοῦ
1028 1025 1314 1095 ἡρωϊκοῦ
1354 1023 1609 1095 μέτρου.

266 1127 313 1179 3.
378 1129 495 1196 Χρὴ
551 1129 871 1196 γινώσκειν,
927 1129 1011 1182 ὅτι
1065 1127 1094 1181 ὁ
1141 1130 1566 1198 παλιμβάκχειος
1621 1129 1699 1190 εἰς
1743 1128 1844 1196 τὴν
1869 1147 1911 1180 10

155 1207 419 1276 δευτέραν
461 1211 744 1278 συλλαβὴν
782 1211 1164 1279 θεραπεύεται,
1205 1211 1297 1262 ἵνα
1337 1212 1472 1279 λήγῃ
1514 1211 1590 1272 εἰς
1622 1217 1845 1278 φωνῆεν

154 1290 242 1342 καὶ
291 1292 367 1353 εἰς
415 1291 626 1343 τέλειον
672 1291 836 1361 μέρος
882 1293 1052 1359 λόγου
1100 1292 1189 1344 καὶ
1236 1291 1268 1360 ἡ
1319 1290 1438 1360 ἑξῆς
1479 1293 1698 1361 ἄρχεται
1737 1291 1843 1344 ἀπὸ

156 1372 491 1439 φωνήεντος,
532 1363 655 1425 οἷον
694 1371 753 1442 (α
777 1371 834 1443 2)

228 1454 504 1522 πλάγχθη,
545 1453 661 1507 ἐπεὶ
710 1458 907 1523 Τροίης
947 1455 1098 1524 ἱερὸν
1136 1456 1473 1522 πτολίεθρον
1511 1451 1755 1523 ἔπερσεν.

156 1533 184 1586 ὁ
225 1531 286 1586 δὲ
326 1534 674 1605 ἀμφίμακρος
704 1537 874 1603 <κατὰ
906 1538 1007 1605 τὴν
1038 1537 1280 1605 τρίτην),
1319 1535 1412 1588 ἵνα
1451 1538 1589 1605 λήγῃ
1622 1538 1699 1599 εἰς
1732 1557 1842 1605 φω-
1869 1555 1910 1588 15

156 1623 288 1684 νῆεν
334 1617 423 1669 καὶ
471 1618 548 1679 εἰς
593 1617 804 1670 τέλειον
843 1617 1007 1688 μέρος
1056 1620 1226 1686 λόγου
1265 1618 1353 1670 καὶ
1392 1618 1425 1686 ἡ
1467 1616 1587 1686 ἑξῆς
1626 1618 1845 1687 ἄρχεται

157 1697 261 1750 ἀπὸ
302 1700 637 1767 φωνήεντος,
678 1690 800 1752 οἷον
841 1698 919 1770 (Γ
938 1698 1068 1771 164)

231 1780 297 1832 οὔ
336 1783 393 1831 τί
427 1801 520 1846 μοι
560 1781 705 1849 αἰτίη
746 1779 883 1849 ἐσσί,
923 1782 1048 1834 θεοὶ
1089 1782 1159 1834 νύ
1197 1801 1291 1848 μοι
1330 1783 1500 1834 αἴτιοί
1536 1782 1692 1834 εἰσιν.

722 1944 885 2012 Περὶ
924 1951 1038 1996 τοῦ
1079 1941 1289 2006 ἔπους.

267 2046 316 2099 4.
365 2050 475 2099 Τοῦ
509 2043 569 2099 δὲ
602 2049 770 2108 ἔπους
802 2048 907 2099 εἰσι
939 2048 1105 2110 πόδες
1136 2047 1320 2100 πέντε·
1361 2048 1645 2115 δάκτυλος,
1679 2061 1844 2100 σπον-
1869 2066 1912 2099 20

157 2129 327 2195 δεῖος,
368 2128 737 2197 ἀμφίμακρος,
785 2130 1230 2198 παλιμβάκχειος,
1269 2138 1535 2199 τροχαῖος.
1614 2130 1698 2182 δεῖ
1736 2131 1845 2182 τοί-

157 2229 264 2261 νυν
301 2210 399 2262 τὸν
438 2209 792 2278 ἀμφίμακρον
833 2211 910 2272 εἰς
959 2211 1122 2279 μέρος
1169 2213 1337 2279 λόγου
1375 2211 1465 2263 καὶ
1506 2212 1583 2273 εἰς
1622 2219 1846 2279 φωνῆεν

155 2292 500 2358 καταλήγειν,
540 2294 640 2358 τήν
680 2311 735 2343 τε
774 2290 887 2360 μετ’
926 2293 1097 2346 αὐτὸν
1130 2293 1411 2360 συλλαβὴν
1452 2292 1557 2344 ἀπὸ
1598 2295 1845 2360 φωνήεν-

157 2391 249 2434 τος
302 2369 447 2440 ἔχειν
501 2371 830 2441 ἀρχομένην·
885 2374 983 2426 τὸν
1031 2370 1090 2425 δὲ
1140 2374 1569 2442 παλιμβάκχειον
1616 2374 1700 2426 δεῖ
1745 2375 1846 2442 τὴν

158 2452 423 2521 δευτέραν
477 2454 648 2506 αὐτοῦ
704 2456 986 2523 συλλαβὴν
1041 2455 1340 2523 φυλάττειν
1385 2456 1446 2507 τὸ
1504 2456 1702 2523 ἰδίωμα
1751 2462 1845 2522 τῆς
1870 2473 1911 2506 25

157 2542 257 2587 τοῦ
306 2535 660 2603 ἀμφιμάκρου
712 2538 920 2604 τρίτης,
971 2537 1031 2589 τὸ
1080 2537 1157 2599 εἰς
1195 2536 1360 2605 μέρος
1399 2538 1569 2604 λόγου
1616 2539 1844 2604 καταλή-

158 2635 294 2683 γειν,
334 2616 422 2668 καὶ
463 2617 812 2682 καθαρεύειν.

280 2765 333 2804 10
366 2761 506 2804 schol.
540 2762 589 2804 in
622 2762 753 2805 Dion.
782 2762 887 2807 Thr.
915 2768 1015 2815 211,
1035 2767 1207 2806 14—20

281 2883 334 2922 15
366 2878 485 2923 κατὰ
517 2880 588 2923 vel
621 2880 686 2930 εἰς
716 2879 799 2936 τὴν
831 2878 989 2937 τρίτην
1022 2881 1127 2924 add.
1163 2895 1218 2926 ex
1249 2880 1420 2924 schol.¹³
1448 2883 1461 2938 ΙΙ
1488 2885 1540 2924 16
1575 2880 1623 2939 ἡ]
1658 2880 1681 2925 ὁ
1715 2882 1760 2924 Ρ
