2060 3168
650 164 750 206 vn.
770 165 879 206 vm
910 164 1054 205 ΠΕΡΙ
1082 163 1435 205 TPOXAIKOT
1779 163 1887 215 269

199 299 376 372 ἰάμβῳ
422 300 455 368 ἢ
502 300 774 371 πυρριχίῳ
823 298 1100 367 ἀπαρτίζει
1146 296 1236 350 καὶ
1284 296 1580 367 ἀδιαφορεῖ
1616 299 1751 351 κατὰ
1789 300 1891 368 τὴν

196 383 647 451 παραλήγουσαν,
684 380 892 443 πάντας
925 381 1222 448 δεχόμενον
1253 381 1384 441 τοὺς
1415 379 1492 442 εἰς
1525 382 1726 448 ἴαμβον
1758 394 1889 433 συν-

198 467 494 524 τελοῦντας
525 463 713 529 πόδας,
744 458 919 531 μηδὲν
948 461 1460 530 μικρολογούμενον
1490 459 1616 531 περὶ
1647 462 1749 530 τὴν
1778 470 1890 514 τῶν

198 545 492 611 συλλαβῶν
530 545 826 612 ποσότητα’
865 543 926 595 τὸ
968 540 1027 595 δὲ
1066 542 1246 611 χωλὸν
1284 543 1386 611 τὴν
1423 542 1526 610 μὲν
1563 543 1890 595 κατακλεῖδα

198 626 570 693 σπονδειακὴν
602 624 819 677 ἀπαιτεῖ
850 624 1203 694 ἢτροχαϊκὴν
1234 623 1465 692 πάντως,
1497 624 1596 677 τὸν
1628 624 1690 676 δὲ
1719 642 1890 693 παρα-
1937 646 1957 680 5

202 708 440 775 λήγοντα
478 707 623 759 πόδα
663 706 729 759 οὐ
769 707 945 775 μόνον
985 706 1341 772 δισύλλαβον,
1381 704 1520 758 ἀλλὰ
1558 703 1649 758 καὶ
1690 707 1891 773 ἴαμβον

198 789 417 850 πάντως
441 787 472 855 ἢ
500 789 809 840 σπονδεῖον.
851 790 1053 856 ἴαμβον
1075 784 1178 855 μὲν
1202 787 1274 850 ὡς
1296 787 1424 840 τόδε
1442 785 1703 858 (Hippon.
1722 785 1889 857 13,l)·

422 867 702 922 ἀκούσαθ’
732 868 1121 932 Ἱππώνακτος·
1164 867 1231 922 οὐ
1272 869 1376 936 γὰρ
1417 867 1546 922 ἀλλ’
1583 869 1695 937 ἥκω

1265 948 1360 1020 (=
1390 947 1604 1020 Heph).

201 1033 496 1086 σπονδεῖον
535 1031 597 1085 δὲ
637 1033 709 1095 ὡς
746 1040 909 1085 τοῦτο
950 1030 1210 1103 (Hippon.
1235 1030 1355 1102 48)·
1916 1054 1957 1086 10

112 1122 164 1162 11
422 1113 487 1167 ἐπ
501 1113 514 1133 ’
526 1115 697 1183 ἄκρον
713 1112 887 1166 ἕλκων
904 1114 1085 1183 ὥσπερ
1104 1112 1345 1166 ἀλλᾶντα
1361 1114 1556 1182 ψύχων
1569 1112 1664 1184 (=
1675 1112 1889 1184 Heph.).

203 1196 309 1248 Καὶ
350 1196 474 1263 περὶ
513 1191 615 1262 μὲν
656 1196 913 1262 ἰαμβικοῦ
952 1201 1205 1252 τοσαῦτα.

970 1385 1116 1439 VIII.

763 1507 926 1575 Περὶ
966 1514 1332 1575 τροχαϊκοῦ.

45 1630 169 1687 (158)
299 1623 454 1678 ’Ἐστι
489 1623 547 1679 δὲ
579 1624 669 1678 καὶ
701 1627 762 1678 τὸ
787 1626 1080 1694 τροχαῖκὸν
1104 1625 1365 1688 ὡσαύτως
1396 1625 1531 1678 κατά
1563 1645 1619 1678 τε
1652 1627 1748 1688 τὰς
1778 1635 1889 1679 τῶν
1915 1647 1956 1680 15

198 1709 391 1761 ποδῶν
427 1706 794 1776 παραυξήσεις
831 1707 921 1759 καὶ
961 1707 1056 1770 τὰς
1094 1707 1261 1775 τομὰς
1299 1707 1390 1759 καὶ
1431 1709 1509 1759 ἔτι
1549 1708 1644 1770 τὰς
1683 1706 1888 1760 ἀποθέ-

201 1803 315 1852 σεις
362 1789 475 1858 [καὶ
520 1790 630 1858 μὴν
667 1789 758 1841 καὶ
803 1789 938 1841 κατὰ
977 1789 1038 1840 τὸ
1081 1794 1420 1841 σεσινῶσθαι
1460 1789 1555 1851 τὰς
1592 1788 1780 1856 βάσεις
1820 1788 1887 1841 οὐ

202 1870 396 1941 φαύλῳ
459 1868 568 1922 τινὶ
631 1877 729 1922 τοῦ
790 1870 1047 1938 ἰαμβικοῦ
1111 1869 1419 1938 διαφέρον].
1515 1872 1772 1923 Βαίνεται
1828 1871 1889 1923 δὲ

199 1953 588 2020 παραπλησίως
635 1949 823 2022 ἐκείνῳ
873 1953 1010 2003 κατὰ
1057 1951 1332 2004 διποδίαν.
1417 1951 1647 2020 Δέχεται
1696 1949 1755 2004 δὲ
1804 1951 1888 2021 [τὸ

201 2035 493 2103 τρίμετρον
547 2032 743 2101 αὐτοῦ]
799 2034 972 2095 πόδας
1018 2031 1078 2085 ἐν
1124 2033 1226 2100 μὲν
1271 2041 1390 2095 ταῖς
1442 2041 1720 2102 περιτταῖς
1766 2053 1889 2102 τρο-
1916 2057 1958 2089 20

203 2123 383 2182 χαῖον,
431 2116 734 2183 τρίβραχυν
774 2115 894 2182 ἤτοι
932 2122 1176 2183 χορεῖον,
1225 2115 1523 2182 δάκτυλον,
1573 2114 1634 2167 έν
1672 2112 1733 2168 δὲ
1772 2124 1891 2178 ταῖς

204 2195 414 2264 ἀρτίαις
452 2204 736 2265 τροχαῖον,
783 2198 1087 2265 τρίβραχυν
1125 2197 1246 2264 ἤτοι
1285 2206 1531 2265 χορεῖον,
1576 2198 1891 2263 σπονδεῖον,

50 2284 172 2339 (159)
204 2278 502 2344 δάκτυλον,
557 2276 911 2330 ἀνάπαιστον.
1015 2275 1404 2347 Ἐπισημότατα
1459 2274 1518 2330 δὲ
1575 2278 1746 2330 αὐτοῦ
1800 2276 1891 2330 καὶ

204 2360 351 2426 παρὰ
395 2363 622 2420 πολλοῖς
668 2360 945 2427 φερόμενα
990 2360 1051 2411 τό
1097 2378 1154 2411 τε
1203 2360 1460 2427 δίμετρον
1498 2360 1892 2427 καταληκτικὸν

204 2438 295 2492 καὶ
334 2441 395 2492 τὸ
435 2442 726 2509 τρίμετρον
762 2441 1181 2508 καταληκτικόν,
1230 2441 1259 2494 ὅ
1299 2460 1444 2503 τινες
1482 2441 1571 2493 καὶ
1612 2439 1892 2508 ἀκέφαλον
1914 2463 1958 2496 25

208 2525 407 2589 ἴαμβον
444 2525 700 2588 καλοῦσι,
748 2519 837 2573 καὶ
877 2517 956 2573 ἔτι
996 2522 1056 2574 τὸ
1096 2522 1460 2592 τετράμετρον
1498 2523 1892 2591 καταληκτικὸν

327 2687 351 2724 2
378 2679 631 2738 δεχομένην
648 2680 867 2724 Hocrsch.
893 2683 908 2737 n
933 2685 958 2723 3
983 2681 1405 2739 μικρολογουμένην
1422 2682 1640 2726 Hoersch.
1666 2684 1680 2738 ΙΙ
1706 2687 1731 2724 8
1749 2683 1890 2726 ἀκού-

210 2738 348 2784 σασθ’
367 2742 413 2785 Α
437 2743 452 2797 ΙΙ
479 2745 529 2783 11
566 2738 663 2798 ἐπ’]
697 2739 763 2790 εἰς
785 2740 933 2796 Heph.
963 2743 968 2795 1
998 2740 1144 2796 ἄκρον
1172 2743 1208 2786 C
1229 2741 1392 2797 Heph.,
1427 2741 1582 2795 ἄκρων
1608 2743 1652 2785 A
1680 2744 1686 2798 Ι
1714 2742 1891 2785 ἀλᾶντα

210 2799 341 2843 codd.
381 2802 396 2855 ΙΙ
444 2804 498 2842 17
530 2801 682 2843 καὶ-
703 2804 757 2842 18
790 2798 1019 2855 διαφέρον
1050 2800 1099 2843 in
1133 2801 1179 2844 Y
1204 2801 1372 2843 desunt
1417 2803 1431 2857 ΙΙ
1481 2805 1533 2843 18
1567 2799 1779 2856 διαφέρει
1813 2801 1850 2845 0
1877 2803 1891 2858 ΙΙ

212 2863 384 2902 19-20
426 2858 478 2902 τὸ
521 2875 557 2902 τ.
599 2859 642 2901 ἀ.
688 2857 854 2902 seclusi
908 2862 922 2915 ΙΙ
976 2863 1031 2902 26
1078 2857 1411 2916 καταληπτικόν
1455 2859 1589 2903 scrib.
1632 2873 1687 2903 cx
1725 2859 1889 2915 Heph.,

210 2917 528 2973 ἀκατάληπτον
561 2918 692 2961 codd.
