2090 3158
93 1114 214 1157 Flor.

243 158 326 201 XII
918 156 1252 199 PRAEFATIO

244 301 416 346 contra
455 297 678 345 codicum
707 297 746 343 Ι
747 297 814 343 Μ
842 295 1193 343 additamentis
1224 294 1326 341 fere
1359 296 1495 342 caret
1523 296 1582 342 ut
1614 296 1662 356 2,
1689 296 1735 343 3.
1777 295 1825 356 5,
1845 297 1927 343 12.

247 371 439 420 17.18.
491 374 538 431 7,
566 372 647 417 19.
675 372 740 418 21
784 370 922 418 alias.
972 396 1040 402 —
1083 369 1282 417 Scholia
1327 368 1461 415 ultra
1507 383 1565 416 ea
1612 384 1740 429 quae
1785 369 1837 416 in
1878 369 1929 416 X
2024 374 2027 378 ’

243 448 358 493 sunt
383 444 586 506 paulum
608 443 901 506 procedunt,
936 444 1067 505 quod
1092 444 1220 491 sicut
1241 443 1406 489 textus
1430 443 1483 488 in
1513 442 1676 490 medio
1701 443 1863 504 capite
1883 443 1929 490 X

243 519 617 580 abrumpuntur,
656 519 793 565 casui
831 517 1047 565 debetur.
1109 517 1166 564 In
1209 531 1376 564 eorum
1416 517 1465 562 et
1504 515 1696 563 delectu
1735 518 1786 563 et
1821 532 1930 564 ver-

241 593 315 640 bis
356 592 538 639 artiore
578 593 869 654 cognatione
909 591 1200 639 coniunctus
1241 591 1315 638 est
1353 604 1463 636 cum
1494 590 1533 635 Ι
1535 590 1604 636 Μ
1637 605 1787 651 quam
1819 605 1930 638 cum

245 668 296 714 X
331 681 489 727 neque
526 681 642 713 vero
682 665 880 725 desunt,
928 681 1052 726 quae
1099 666 1152 711 in
1192 664 1309 712 solis
1350 663 1460 710 XD
1499 665 1684 725 scripta
1724 666 1840 712 sunt
1876 664 1930 711 in

242 742 278 787 Ι
281 741 347 787 Μ
382 739 583 799 omissa,
622 741 793 800 paucis
831 739 953 786 locis
984 741 1237 800 praestare
1268 737 1466 786 videtur
1497 739 1670 785 ceteris
1703 737 1929 786 omnibus

242 817 299 862 ut
348 815 476 874 122,
511 815 593 861 25.
658 813 853 873 97,15.
915 814 1043 873 140,
1076 814 1160 860 20.
1219 813 1347 871 142,
1382 812 1466 858 23.
1543 809 1678 866 Quae
1727 813 1931 873 propria

242 888 390 935 habet
443 887 650 947 scholia,
715 888 984 934 maximam
1043 889 1239 948 partem
1292 886 1542 932 hominem
1597 885 1931 947 Byzantinum

243 963 463 1023 sapiunt,
513 977 559 1022 p.
597 962 716 1020 112,
743 963 789 1007 4.
845 961 966 1021 118,
993 962 1187 1008 5-19.
1244 961 1363 1020 119,
1391 960 1586 1007 4-10,
1638 960 1758 1021 124,
1786 961 1925 1006 24-

246 1038 366 1095 125,
394 1036 438 1082 6.
483 1036 862 1094 141,11-27.

353 1109 576 1169 Denique
638 1109 1064 1156 commemoranda
1127 1110 1201 1156 est
1261 1107 1413 1155 editio
1482 1107 1734 1169 princeps,
1804 1123 1931 1168 quae

240 1183 427 1244 prodiit
472 1182 754 1230 Florentiae
806 1198 895 1243 per
947 1182 1150 1229 heredes
1196 1181 1420 1243 Philippi
1464 1180 1642 1228 Iuntae
1693 1197 1735 1228 a.
1773 1182 1928 1229 1526.

241 1257 377 1304 Inest
416 1255 720 1304 enchiridion
759 1258 809 1303 et
845 1259 960 1317 post
997 1256 1125 1303 illud
1163 1250 1346 1304 schol.B
1390 1255 1474 1302 lib.
1506 1254 1666 1302 I—V.
1737 1255 1931 1303 Hausta

242 1333 315 1378 est
355 1347 411 1378 ex
450 1330 614 1377 codice
655 1329 870 1390 quodam
908 1330 1079 1378 classis
1118 1331 1312 1389 tertiae,
1349 1345 1496 1390 quem
1527 1330 1659 1376 certo
1691 1344 1791 1376 non
1828 1331 1930 1376 iam

240 1405 357 1451 licet
402 1403 702 1466 significare,
756 1403 842 1451 sed
888 1404 931 1451 si
978 1404 1097 1465 quid
1142 1403 1265 1450 recti
1310 1405 1365 1450 in
1412 1419 1470 1450 ea
1517 1403 1624 1451 sola
1668 1404 1930 1466 inveneris,

243 1479 537 1525 concesseris
575 1477 702 1524 illud
741 1479 963 1525 virorum
1001 1477 1260 1525 doctorum
1299 1478 1529 1524 acumini.

353 1550 488 1607 Quae
527 1566 637 1598 cuin
677 1553 743 1598 sit
786 1551 1028 1598 librorum
1067 1551 1288 1598 condicio
1327 1553 1382 1598 in
1421 1550 1690 1598 editione
1731 1551 1930 1598 enchi-

240 1625 387 1672 ridii
431 1626 558 1673 hanc
603 1627 853 1687 ingressus
893 1640 1000 1672 sum
1038 1627 1185 1672 viam.
1265 1625 1383 1673 Tres
1425 1626 1659 1686 quoniam
1696 1624 1932 1673 habemus

239 1702 388 1747 testes
429 1701 517 1760 qui
555 1699 618 1745 ad
657 1699 781 1747 alios
824 1714 923 1746 non
962 1701 1077 1746 sunt
1114 1699 1379 1746 revocandi
1417 1697 1591 1758 ADI,
1638 1714 1808 1746 eorum
1847 1699 1931 1746 ad-

242 1775 416 1835 scripsi
464 1773 849 1833 discrepantiam
894 1775 1066 1820 totam.
1142 1773 1201 1819 In
1246 1773 1410 1820 codice
1449 1771 1499 1819 A
1544 1772 1643 1819 nisi
1679 1773 1932 1820 levissima

243 1850 532 1894 accentuum
570 1846 749 1893 menda
789 1846 914 1893 nihil
955 1847 1153 1894 silentio
1189 1848 1516 1908 praetermisi,
1554 1847 1608 1893 in
1639 1846 1931 1909 fragmentis

241 1923 500 1982 poetarum
537 1937 598 1967 ne
636 1921 726 1968 ffla
766 1921 965 1982 quidem
1003 1914 1258 1986 neglexil)
1327 1921 1387 1967 In
1420 1920 1519 1967 DI
1546 1919 1812 1968 vilissimos
1852 1935 1930 1967 ca—

241 1996 361 2041 lami
401 2009 586 2042 errores
625 1996 778 2042 tacite
816 1995 1142 2055 praetermisi.
1206 1994 1305 2041 Ubi
1339 1995 1391 2041 D
1422 1994 1576 2054 adest,
1608 1994 1648 2041 I
1683 1995 1784 2042 fere
1823 1995 1931 2041 nul-

241 2069 336 2115 lius
385 2070 534 2130 pretii
581 2071 674 2129 est,
725 2070 899 2130 postea
947 2069 1142 2130 saepius
1185 2069 1316 2115 ΜΗ
1359 2067 1550 2129 addidi,
1600 2085 1661 2114 ne
1713 2067 1931 2132 singula-

242 2142 377 2188 ribus
417 2142 597 2189 codicis
636 2143 674 2188 I
707 2143 845 2189 vitiis
891 2143 945 2189 in
992 2157 1205 2190 errorem
1253 2141 1567 2189 abducamur.
1644 2141 1719 2188 Ex
1759 2143 1932 2190 ceteris

244 2215 490 2262 codicibus
531 2216 840 2278 spicilegium
879 2216 995 2263 dare
1037 2217 1157 2264 satis
1196 2215 1335 2277 duxi,
1387 2232 1448 2263 ne
1488 2217 1739 2280 farragine
1779 2215 1933 2264 effusa

244 2291 473 2351 graviora
511 2291 810 2352 tegerentur.

355 2361 532 2411 Omnes
573 2363 761 2411 codices
811 2363 874 2410 ad
911 2380 1065 2410 unum
1113 2364 1437 2426 archetypum
1475 2364 1635 2411 redire
1676 2365 1725 2411 et
1765 2379 1823 2410 ex
1860 2363 1931 2410 la·

245 2438 380 2483 cunis
415 2431 483 2500 (p.
520 2438 567 2496 9,
593 2438 638 2483 4.
683 2438 767 2497 61,
796 2439 839 2483 1.
870 2439 913 2484 7.
944 2439 1024 2484 10.
1055 2430 1147 2503 11)
1182 2440 1231 2485 et
1263 2453 1321 2485 ex
1351 2453 1582 2485 versuum
1619 2439 1932 2499 potissimum

365 2594 405 2645 1)
439 2591 489 2632 In
523 2592 738 2634 extremis
771 2591 895 2634 foliis
926 2596 1008 2635 149
1041 2594 1089 2635 et
1116 2597 1199 2635 150
1234 2595 1305 2648 (=
1330 2608 1374 2649 p.
1404 2596 1472 2646 73,
1494 2597 1651 2644 7-76,
1671 2593 1716 2648 6)
1746 2589 1930 2633 litteras

245 2662 364 2703 quae
397 2650 443 2691 in
470 2651 515 2693 A
547 2664 667 2692 nunc
699 2650 794 2693 iam
825 2650 921 2707 legi
952 2653 1204 2705 nequeunt,
1235 2651 1318 2695 ubi
1349 2651 1482 2694 libris
1514 2652 1569 2694 K
1576 2651 1664 2695 GP
1691 2649 1929 2705 inspectis,

246 2708 358 2761 quid
391 2708 438 2750 in
471 2710 515 2750 A
549 2709 771 2764 scriptum
804 2709 959 2763 fuerit,
998 2710 1284 2753 dubitationi
1316 2711 1582 2766 exemptum
1614 2710 1698 2762 est,
1730 2722 1822 2751 non
1854 2720 1930 2751 ex—

244 2780 401 2821 presse
434 2766 675 2819 adnotavi3
707 2768 788 2810 ubi
822 2768 892 2810 vel
926 2769 1107 2811 minimi
1139 2769 1363 2812 momenti
1395 2782 1493 2812 esse
1527 2767 1697 2811 dixerit
1728 2767 1845 2822 quis,
1876 2768 1932 2810 ut

247 2829 316 2876 74,
336 2830 374 2877 3,
407 2825 623 2868 lacunam
657 2826 1007 2882 circumscripsi.
1031 2854 1086 2859 —
1111 2843 1156 2883 p.
1182 2833 1253 2880 43,
1271 2834 1298 2870 4
1329 2829 1379 2871 in
1403 2829 1447 2871 A
1473 2829 1544 2870 est
1567 2825 1929 2883 προπηδήσεται,

245 2898 335 2926 non
368 2886 420 2926 ut
451 2884 541 2926 AV
572 2899 615 2939 p.
646 2890 728 2927 115
763 2885 951 2938 dictum,
986 2885 1340 2942 προπέδησεται.
