2060 3168
585 198 684 240 VII.
710 197 820 238 VIII
850 197 995 238 ΠΕΡΙ
1023 194 1488 237 ΑΝΑΠΑΙΣΤΙΚΟΤ
1773 191 1881 245 233

196 335 290 398 μὲν
336 334 367 398 ἢ
417 333 662 397 κρητικὸν
711 332 798 384 διὰ
843 332 906 384 τὸ
946 334 1042 384 τοῦ
1082 331 1271 383 τέλους
1311 329 1636 395 ἀδιάφορον·
1689 329 1777 381 καὶ
1817 329 1883 380 τὰ

195 413 328 482 ἑξῆς·
367 445 437 450 -
477 414 542 465 K

305 494 500 547 Εἰπὼν
554 493 678 562 περὶ
734 502 846 546 τῶν
898 500 1108 545 κοινῶν
1154 493 1500 545 δακτυλικῶν
1545 492 1713 544 πάλιν
1758 493 1887 560 περί

193 596 363 630 τινων
410 576 576 628 εἰδῶν
629 583 728 627 τοῦ
785 575 1119 627 δακτυλικοῦ
1173 573 1264 626 καὶ
1309 571 1452 636 τέως·
1488 581 1588 626 τοῦ
1636 574 1884 626 αἱολικοῦ

195 659 336 726 φησί
380 676 504 709 τινα
544 658 689 725 εἴδη,
741 665 930 724 σαφῶς
969 654 1305 717 ἀποδεικνὺς
1344 655 1527 708 αὐτῶν
1566 653 1655 706 καὶ
1694 654 1755 706 τὸ
1797 652 1885 723 με’-

194 759 329 808 τρον
375 738 464 791 καὶ
511 739 578 790 τὰ
624 739 1052 807 παραδείγματα.
1129 730 1244 790 εἷτα
1292 735 1354 790 ἐν
1398 743 1474 809 τῷ
1515 736 1657 789 τέλει
1697 737 1886 804 φησίν,

195 820 279 874 ὅτι
319 818 423 872 εἰσὶ
465 821 561 872 καί
595 839 720 872 τινα
759 820 1082 886 λογαοιδικὰ
1114 818 1426 886 καλούμενα
1458 817 1776 885 δακτυλικά,
1810 812 1887 869 ὧν

111 929 117 936 ·
193 902 360 955 πάλιν
398 899 532 970 φησὶ
573 902 638 954 τὰ
677 901 1088 970 παραδείγματα
1127 900 1216 952 καὶ
1249 899 1315 952 τὰ
1345 897 1531 967 μέτρα,
1570 907 1720 967 σαφῆ
1754 899 1886 951 ὄντα

194 983 285 1036 καὶ
326 983 524 1052 σχεδὸν
556 980 855 1050 ἐξηγήσεως
885 983 957 1050 μὴ
990 983 1236 1049 δεόμενα.
1299 981 1620 1049 λογαοιδικὰ
1654 978 1701 1032 δ’
1734 978 1886 1047 ἐκλή-

194 1070 398 1133 θησαν,
440 1063 626 1132 ἐπειδὴ
667 1062 728 1116 ἔν
765 1077 914 1116 τισιν
955 1069 1046 1116 ἴσα
1085 1061 1338 1132 ἀμέτροις
1377 1063 1644 1114 δοκοῦσιν
1684 1062 1755 1124 ὡς
1799 1059 1884 1114 ε’πὶ

196 1148 364 1214 λόγου
406 1139 548 1198 εἶναι
589 1146 722 1198 ἄνευ
764 1145 915 1207 τινὸς
952 1145 1155 1214 μέτρου
1197 1144 1289 1196 διὰ
1328 1143 1388 1195 τὸ
1431 1145 1740 1212 ἄρρυθμον.

893 1313 1016 1383 Cap.
1042 1313 1188 1367 VIII.

696 1418 853 1488 Περὶ
899 1419 1395 1472 άναπαιστικοῦ.

307 1525 382 1577 Τὸ
445 1527 504 1577 δὲ
567 1523 946 1576 ἀναπαιετικὸν
1010 1524 1144 1575 κατὰ
1198 1526 1373 1575 πᾶεαν
1432 1523 1614 1588 χώραν
1678 1522 1886 1585 δέχεται

197 1606 526 1658 ἀνάπαιετον
566 1606 650 1657 καὶ
682 1607 980 1666 (πονδεῑον,
1022 1605 1254 1657 (πανίωε
1288 1607 1347 1656 δὲ
1379 1606 1463 1656 καὶ
1495 1607 1885 1669 προκελευεμα-

195 1689 356 1740 τικόν.
443 1685 998 1757 (προκελευσματικός
1048 1684 1199 1738 ἐστιν
1246 1685 1273 1738 ὁ
1324 1685 1381 1738 ἐκ
1428 1685 1711 1753 τεσσάρων
1757 1686 1888 1752 βρα-

195 1767 397 1838 χειῶν.)
437 1799 511 1805 —
552 1768 600 1821 U

308 1850 382 1902 Τὸ
432 1849 812 1902 ἀναπαιετικὸν
867 1850 1002 1901 κατὰ
1047 1853 1222 1902 πᾶεαν
1270 1850 1453 1914 χώραν
1502 1849 1711 1913 δέχεται
1759 1846 1886 1899 ἀνά-

197 1949 419 1984 παιετον
452 1932 537 1982 καὶ
570 1934 869 1991 επονδεῑον,
904 1931 1136 1983 επανίω(
1169 1932 1228 1982 δὲ
1260 1931 1344 1982 καὶ
1375 1931 1471 1982 τὸν
1496 1933 1887 1993 προκελευεμα-

195 2013 358 2073 τικόν,
400 2012 549 2075 παρὰ
588 2014 647 2063 δὲ
686 2015 799 2063 τοῖς
831 2014 1249 2075 δραματοποιοῑε
1281 2013 1366 2062 καὶ
1399 2011 1676 2063 δάκτυλον.
1754 2011 1888 2062 κατὰ

197 2096 256 2146 δὲ
297 2094 542 2155 (υζυγίαν
584 2096 874 2157 διαιρεῖται,
916 2092 1008 2144 eici
1041 2094 1100 2144 δὲ
1133 2093 1299 2144 αὐτοῦ
1333 2092 1609 2144 ἀποθέεει(
1643 2092 1709 2145 ἕξ.
1735 2121 1808 2128 ——
1831 2091 1895 2142 K

309 2175 505 2226 Εἰπὼν
546 2171 605 2225 δὲ
649 2171 775 2242 περὶ
814 2180 914 2225 τοῦ
955 2173 1287 2225 δακτυλικοῦ
1328 2172 1581 2242 ἀναλόγῳ
1620 2170 1765 2234 τάξει
1805 2170 1887 2223 κε’-

196 2276 388 2326 χρηται
420 2253 544 2323 περὶ
578 2262 679 2307 τοῦ
705 2255 1051 2317 ἀντιπαθοῦς
1083 2254 1491 2321 διαλαμβάνων,
1519 2252 1656 2320 λέγω
1692 2253 1758 2320 δὴ
1787 2260 1887 2305 τοῦ

316 2405 340 2444 9
375 2401 669 2458 λογαοιδικά]
704 2399 799 2443 alia
832 2400 1006 2444 schol.A
1032 2404 1129 2452 130,
1150 2404 1174 2442 9

319 2539 340 2576 1
375 2533 456 2578 διὰ
495 2533 662 2590 Ηερὶι.,
702 2534 782 2576 καὶ
816 2535 870 2578 Κ
918 2535 931 2590 ΙΙ
987 2539 1011 2575 3
1051 2532 1192 2576 πάλιν
1226 2546 1313 2576 om.
1352 2534 1395 2577 U
1440 2534 1454 2588 11
1509 2538 1534 2574 ὂ
1568 2529 1887 2588 ἀποδείγματα

198 2594 342 2637 αὐτοῦ
379 2594 423 2638 U
468 2595 482 2649 ΙΙ
538 2598 560 2635 7
597 2591 666 2636 ’ὅτι
707 2592 795 2635 εἰσὶ
835 2606 923 2635 om.
954 2594 998 2638 U
1042 2595 1056 2647 Η
1111 2597 1136 2635 8
1176 2606 1259 2648 pro
1293 2596 1536 2647 σαφῆ-9
1572 2590 1738 2648 σχεδὸν
1770 2589 1818 2632 in
1851 2591 1894 2633 U

196 2659 389 2695 τοιαῦτα
416 2651 528 2696 ὄντα
582 2654 596 2707 ΙΙ
645 2656 698 2695 10
734 2651 830 2710 ἴσα]
866 2651 983 2695 εἰσιν
1017 2652 1060 2695 U
1104 2653 1110 2709 Ι
1160 2649 1373 2706 ἀμέτροις
1405 2651 1497 2703 K³‚
1531 2648 1713 2706 μέτροις
1742 2650 1848 2693 KU
1875 2653 1889 2705 ΙΙ

200 2717 252 2755 11
285 2709 434 2768 λόγων
459 2711 503 2755 U
525 2715 531 2766 Ι
568 2726 632 2753 vv.
668 2711 781 2754 ἄνευ
810 2710 937 2762 τινὸς
968 2709 1133 2765 μέτρου
1166 2710 1285 2753 dem
1319 2709 1537 2753 Hoersch.
1575 2711 1579 2765 Ι
1619 2709 1887 2766 ἄρρυθμον]

198 2769 456 2827 εὑρήθμιον
490 2771 531 2814 U
581 2773 595 2826 11
651 2775 704 2812 13
733 2770 900 2823 πραξις
931 2769 976 2817 ς’
1013 2770 1118 2813 add.
1157 2771 1206 2823 U,
1242 2770 1347 2823 περὶ
1387 2770 1529 2812 ἀναπ.
1561 2767 1638 2812 Κ2
1670 2768 1717 2810 in
1751 2782 1842 2824 mg.
1875 2771 1888 2824 Η

201 2834 254 2872 16
279 2829 787 2885 προκελευσματικὸς-
803 2833 854 2872 17
882 2829 1109 2887 βραχειῶν
1135 2831 1244 2871 sunt
1270 2829 1413 2871 etiam
1437 2828 1485 2870 in
1511 2829 1565 2871 K
1584 2829 1690 2883 post
1716 2825 1760 2878 ἐξ
1781 2828 1887 2883 (21),

199 2889 280 2932 sed
311 2888 470 2944 inepte
501 2888 678 2944 posita3
712 2887 802 2931 del.
836 2887 1054 2931 Hoersch.
1102 2890 1116 2943 Η
1166 2892 1218 2930 16
1252 2887 1302 2931 δὲ
1336 2890 1444 2930 ante
1479 2887 1598 2930 ἐστὶν
1632 2886 1767 2929 inser.
1796 2887 1849 2929 K
1886 2937 1887 2942 ¹

199 2952 253 2990 22
288 2947 338 2991 δὲ
372 2950 419 2990 et
449 2954 530 2990 τοῦ
564 2962 650 2990 om.
679 2947 761 3005 K!
789 2946 934 3000 τάξει]
968 2946 1134 3002 πράξει
1169 2948 1320 3003 U1123
1355 2945 1433 3003 δὴ]
1467 2945 1518 2989 δὲ
1554 2947 1603 3000 U,
1637 2959 1723 2988 om.
1752 2947 1806 2989 K

1913 1082 1954 1114 10

1913 1621 1954 1654 15

1913 2029 1956 2061 20
