2060 3168
723 181 747 222 1
784 181 928 222 ΠΕΡΙ
957 181 1259 223 IAMBIKOT
1729 182 1837 236 369

149 310 449 369 ἀκατάληκτά
491 312 608 357 εἰσιν
646 311 814 362 ἁπλῶς.
850 338 905 345 -
931 311 1358 370 Ὑπερκατάληκτον
1389 313 1441 359 δὲ
1472 314 1755 371 μονόμετρον
1785 316 1837 360 τὸ

148 378 230 423 τὸν
262 377 436 423 τέλειον
468 379 548 423 καὶ
587 378 731 436 μηδέν
762 396 805 423 τι
841 377 1114 437 λειπόμενον
1146 379 1272 425 πόδα
1304 381 1588 439 ὑπερβαῖνον
1620 385 1702 444 μιᾷ
1735 385 1839 426 συλ-

150 446 268 502 λαβῇ
300 442 405 490 οἷον
435 445 486 490 τὸ

415 512 444 569 ἡ
475 519 567 557 τῶν
598 511 816 569 ἀμίκτων.
1424 557 1442 565 ,

148 576 410 636 μονόμετρα
441 577 525 636 μὲν
557 576 642 622 οὖν
672 586 832 622 ταῦτα.
1405 579 1414 583 ’
1882 598 1903 630 5

266 642 548 701 Δίμετρον
580 644 646 699 δέ,
678 646 1117 703 βραχυκατάληκτον
1149 646 1232 703 μὲν
1264 647 1420 702 πάλιν,
1452 645 1555 692 οἷον
1585 648 1636 692 τὸ

413 718 611 755 τεκοῦσα
641 711 903 768 παρθένος·
1390 725 1396 731 ·

148 775 238 837 ὅλῳ
277 778 364 835 γὰρ
411 778 525 822 ποδὶ
564 776 810 835 μεμείωται
850 779 928 824 ἐπὶ
966 778 1124 830 τέλους
1161 780 1279 836 πρὸς
1315 781 1367 825 τὸ
1407 779 1621 838 δίμετρον
1661 782 1836 826 ἀκατά-

144 847 313 900 ληκτον
344 841 613 901 ἀπαρτίσαι.
648 871 703 878 -
737 846 1089 902 Καταληκτικὸν
1121 845 1188 901 δέ,
1220 847 1280 897 ὡς
1311 847 1362 891 τὸ

413 911 621 967 α”νανδρε
651 917 792 968 μῆτερ
826 911 956 970 βάτε·
1861 934 1903 965 10

146 980 229 1038 μιᾷ
260 977 350 1035 γὰρ
382 979 581 1037 συλλαβῇ
613 976 817 1022 λείπεται
849 979 915 1029 εἰς
938 979 990 1024 τὸ
1015 978 1239 1024 ὃιποδίαν
1265 978 1516 1037 ὁλόκληρον
1548 980 1834 1026 ἀποτελέσαι.

146 1043 297 1089 ἰστέον
344 1043 418 1099 δέ,
466 1042 536 1088 ὅτι
581 1051 717 1089 τοῦτο
756 1045 807 1089 τὸ
851 1046 1188 1103 καταληκτικὸν
1228 1044 1444 1103 δίμετρον
1482 1049 1563 1092 καὶ
1603 1047 1835 1107 ἡμίαμβον

144 1108 260 1165 παρ’
287 1111 398 1168 ἡμῖν
431 1111 724 1168 ὀνομάζεται·
763 1110 987 1169 ἐπίσημον
1019 1112 1072 1157 δέ
1103 1113 1196 1156 ἐστι
1228 1114 1308 1157 καὶ
1339 1122 1437 1164 τοῖς
1465 1118 1684 1167 παλαιοῖς
1713 1114 1835 1160 Ἀνα-

144 1175 409 1232 κρεόντειον
447 1175 648 1234 λέγεται,
687 1178 749 1230 ὡς
787 1182 939 1239 πολλῷ
971 1180 1097 1240 αὐτῷ
1136 1178 1420 1236 κεχρημένου
1458 1188 1539 1226 τοῦ
1572 1180 1834 1236 Ἀνακρέον-

142 1259 232 1294 τος.
267 1271 322 1276 -
355 1243 683 1301 Άκατοὶληκτον
715 1244 783 1299 δέ,
816 1246 877 1298 ὡς
906 1247 958 1290 τὸ
1858 1267 1901 1299 15

409 1309 437 1365 ἡ
469 1318 560 1354 τῶν
591 1308 797 1367 ἀμίκτων
830 1309 1022 1371 ἐντόκῳ·

142 1374 421 1431 ὁλοκλήρους
459 1376 545 1432 γὰρ
587 1377 679 1434 ἔχει
717 1378 801 1430 τὰς
839 1378 924 1423 δύο
964 1378 1183 1430 διποδίας
1214 1381 1295 1424 καὶ
1328 1381 1543 1437 οὐδαμῶς
1573 1381 1831 1439 καταλήγει.

144 1442 225 1486 καὶ
256 1450 392 1486 τοῦτο
425 1442 476 1487 δὲ
510 1444 886 1500 ἐπισημειοῦνται
918 1444 963 1489 οἱ
995 1447 1187 1490 παλαιοὶ
1219 1447 1299 1491 καὶ
1327 1442 1702 1501 Ἀνακρεόντειον
1728 1447 1833 1492 ὀνο-

145 1507 379 1564 μάζουσιν.
414 1536 468 1541 -—
495 1508 921 1568 Ὑπερκατάληκτον
954 1512 1005 1557 δὲ
1037 1520 1172 1557 τοῦτο

410 1576 438 1632 ἡ
471 1576 530 1634 μὴ
565 1581 808 1634 φθαρεῖσα
839 1580 920 1622 καὶ
951 1587 1168 1624 τεκοῦσα·
1856 1601 1898 1632 20

140 1642 259 1697 πρὸς
301 1642 387 1699 γὰρ
426 1650 529 1695 ταῖς
566 1645 672 1688 δυσὶ
709 1644 949 1698 διποὸίαις
987 1646 1226 1699 πλεονάζει
1257 1649 1340 1706 μιᾷ
1374 1648 1586 1704 συλλαβῇ.
1649 1647 1729 1690 καὶ
1761 1644 1830 1691 δί-

141 1725 283 1763 μετρα
316 1726 399 1765 μεν
431 1717 589 1754 ταῦτα.

264 1774 546 1833 Τρίμετρα
577 1776 643 1831 δέ,
676 1779 1116 1836 βραχυκαταληκτον
1147 1779 1230 1837 μὲν
1262 1778 1368 1825 τόδε

405 1842 433 1898 ἡ
466 1851 556 1888 τῶν
587 1843 792 1901 αμίκτων
826 1844 996 1906 ἐντόκῳ
1028 1844 1168 1902 μίξις

0 1903 106 1965 560>
139 1907 371 1968 ὁλοκλήρῳ
411 1909 498 1966 γὰρ
530 1909 734 1955 λείπεται
766 1913 878 1957 ποδὶ
909 1913 1026 1968 πρὸς
1056 1914 1106 1957 τὸ
1139 1913 1222 1969 τὴν
1253 1912 1518 1971 τριμετρίαν
1551 1914 1827 1971 ἀποπληρῶ-
1854 1933 1895 1966 25

139 1990 228 2019 σαι.
264 2002 318 2009 —-
353 1978 704 2033 Καταληκτικὸν
737 1979 785 2023 δὲ
820 1980 880 2029 ὡς
911 1980 963 2023 τὸ

405 2042 610 2099 ἄνανδρε
642 2052 780 2101 μῆτερ
814 2045 924 2103 βατε
955 2047 1089 2100 λαβὶς
1118 2045 1251 2090 θεία·

138 2111 220 2169 μιᾷ
252 2109 340 2165 γὰρ
373 2111 572 2168 συλλαβῇ
605 2109 810 2155 λείπεται
847 2113 966 2167 πρὸς
995 2113 1046 2157 τὸ
1078 2110 1317 2170 τρίμετρον
1350 2112 1591 2158 ἐκτελέσαι.
1626 2140 1681 2146 -
1719 2112 1826 2170 Τρί-

138 2191 304 2230 μετρον
351 2175 671 2233 ἀκατάληπτον
719 2176 914 2222 ἕκαστον
961 2187 1052 2223 τῶν
1099 2179 1417 2236 προκειμένων
1455 2179 1682 2235 τεττάρων
1722 2181 1826 2237 ἰαμ-

137 2239 276 2299 βείων
308 2239 416 2286 ἐστι’.
465 2244 559 2286 Καὶ
583 2243 714 2300 ἡμεῖς
745 2244 829 2298 μὲν
853 2244 1107 2302 περαιτέρω
1132 2253 1214 2289 τοῦ
1239 2245 1559 2301 ἀκαταλήκτου
1582 2245 1825 2303 τριμέτρου
1849 2267 1892 2298 30

137 2308 194 2351 οὐ
226 2306 556 2366 προβαίνομεν.
589 2337 645 2342 -
679 2311 786 2354 Εἰσὶ
818 2310 870 2356 δὲ
900 2313 979 2355 καὶ
1011 2310 1227 2369 τρίμετρα
1258 2311 1654 2368 ὑπερκατάληκτα,
1687 2311 1716 2355 ἃ
1741 2316 1824 2375 μιᾷ

137 2377 336 2432 συλλαβῇ
369 2384 459 2419 τῶν
492 2375 766 2433 ἐκκειμένων
797 2379 1127 2433 περιττεύουσι.

256 2443 349 2485 Καὶ
392 2443 456 2487 ἔτι
495 2443 840 2500 τετράμετρα
873 2445 1288 2503 βραχυκατάληκτά
1320 2462 1366 2490 τε
1400 2445 1480 2488 καὶ
1512 2446 1824 2502 καταληκτικὰ

135 2509 215 2551 καὶ
246 2508 542 2565 ἀκατάληκτα
574 2511 652 2554 καὶ
687 2511 1090 2568 ὑπερκατάληκτα,
1133 2513 1195 2564 ὡς
1226 2512 1270 2556 οἱ
1302 2509 1493 2555 παλαιοί
1525 2526 1641 2567 φασι
1672 2528 1822 2569 μετρι-

259 2669 308 2706 11
345 2663 515 2707 schol.B
540 2670 639 2719 267,
658 2671 710 2709 21
737 2670 751 2722 ΙΙ
778 2672 830 2709 12
865 2666 1114 2725 ἡμιάμβεια
1153 2667 1201 2709 in
1233 2667 1392 2722 inepto
1425 2668 1559 2710 tract.
1586 2667 1670 2710 An.
1698 2666 1817 2710 Chis.

135 2727 161 2775 ἓ
187 2727 256 2777 12,
280 2723 362 2775 11⁸;
395 2723 585 2779 ἡμιεπές
617 2726 802 2781 saepius
836 2726 1008 2769 dicitur
1039 2730 1092 2769 ut
1116 2726 1228 2769 Mar.
1249 2726 1368 2768 Vict.
1388 2725 1449 2767 VI
1468 2729 1536 2780 73,
1551 2731 1617 2769 10.
1647 2731 1746 2779 119,
1764 2729 1822 2783 411

139 2785 194 2823 14
222 2779 590 2837 Ἀνακρεόντειον
622 2784 770 2840 Heph.
802 2787 981 2841 16,1611
1007 2791 1058 2827 21
1095 2785 1264 2828 schol.B
1290 2790 1389 2838 267,
1408 2789 1463 2827 24

258 2933 310 2972 17
344 2933 543 2987 corrupt.
570 2931 753 2975 videtur
775 2935 789 2987 ΙΙ
813 2937 869 2975 30
901 2931 1182 2987 περαιτέρως
1213 2934 1259 2976 Ρ
1278 2934 1292 2988 ΙΙ
1318 2937 1370 2975 32
1406 2932 1678 2989 ἐγκειμένων
1711 2934 1757 2977 Ρ

224 3010 486 3044 ΗΕΡΗΔκετιο
512 3014 567 3046 ed.
586 3013 678 3045 Con
691 3015 873 3046 sbrueh.
1495 3011 1549 3048 24
