2090 3158
658 149 755 191 XV.
805 150 949 190 ΠΕΡΙ
979 150 1444 193 ΑΣΤΝΑΡΤΗΤΩΝ.
1819 150 1886 202 51

72 285 168 345 [95]
201 281 473 352 κέχρηται(
496 279 556 336 δὲ
595 284 683 336 καὶ
724 282 1028 351 Ἀνακρέων
1067 283 1127 336 έν
1165 286 1415 337 πλείοσιν
1455 282 1691 355 ᾄσμασιν
1733 283 1853 356 (70)

435 363 758 433 Ὀρσόλοπος
789 362 890 431 μὲν
915 362 1071 433 Ἄρης
1110 364 1289 433 φιλέει
1328 367 1645 435 μεναιχμάν.

313 447 427 514 (11)
474 446 546 499 Τὸ
589 444 649 500 δὲ
689 445 1264 516 ἀντεστραμμένον
1294 448 1470 519 τούτῳ
1506 446 1891 516 ἰαμβέλεγος

197 531 462 581 καλεῖται·
512 530 687 600 τούτῳ
740 525 801 581 δὲ
853 526 914 581 ἐν
963 530 1218 598 συνεχείᾳ
1269 528 1370 581 οὐκ
1421 533 1578 595 ἰζσμεν
1628 531 1753 582 τινὰ
1805 549 1891 583 κε-

198 609 488 679 χρημένον,
530 609 938 679 διεσπαρμένους
978 609 1065 662 δέ·
1937 631 1959 663 5

271 701 491 760 πρῶτον
515 689 616 758 μὲν
641 693 913 759 εὔβουλον
941 691 1114 758 Θέμιν
1138 693 1421 762 οὐρανίαν.
1449 690 1621 762 (Pind.
1641 691 1798 762 30,1)
1819 725 1888 732 -

111 779 165 818 52
272 774 472 825 κείνων
510 772 775 836 λυθέντες
814 782 936 836 σαῖς
973 774 1080 826 ὑπὸ
1123 771 1312 843 χερσὶν
1352 772 1484 836 ἄναξ
1519 773 1694 845 (Pind.
1721 773 1832 846 35).

309 854 428 923 (12)
472 856 691 908 Γίνεται
726 852 786 908 δε
825 854 916 908 καὶ
955 853 1554 925 τριπενθημιμερες
1587 855 1644 908 ἐκ
1676 857 1891 909 τούτων

197 937 258 988 τὸ
299 937 644 1006 καλούμενον
687 938 1139 1004 Πλατωνικόν,
1189 935 1249 989 ἐν
1295 938 1337 1008 ςὸ
1385 938 1451 989 τὰ
1489 937 1590 1004 μὲν
1629 937 1888 1007 ἑκατέρω-

196 1024 304 1072 θεν
337 1019 439 1071 δύο
473 1019 775 1072 δακτυλικα
808 1023 914 1071 εἰσι
946 1024 1347 1087 πενθημιμερῆ,
1379 1019 1440 1071 τὸ
1474 1015 1534 1071 δε
1565 1018 1736 1086 μέσον
1771 1021 1888 1086 ἰαμ-
1915 1038 1960 1070 10

197 1101 377 1166 βικόν·
418 1099 673 1169 κέχρηται
717 1096 777 1153 δε
818 1101 964 1172 αὐτῷ
1002 1101 1239 1153 Πλάτων
1278 1099 1339 1153 ἐν
1378 1100 1672 1167 Ξαντριάις
1712 1099 1832 1172 (90)

272 1190 426 1251 χαῖρε
471 1183 861 1250 παλαιογόνων
900 1182 1122 1251 ἀνδρῶν
1160 1188 1380 1235 θεατῶν
1420 1182 1649 1251 ξύλλογε
1688 1201 1890 1236 παντο-

1267 1265 1475 1331 σόφων.

64 1353 161 1412 [96]
310 1346 426 1412 (13)
459 1343 1051 1414 Ἀντεστραμμένον
1091 1345 1155 1398 δέ
1185 1345 1298 1398 ἐστι
1330 1346 1507 1416 τούτῳ
1546 1346 1606 1396 τὸ
1642 1346 1888 1398 Πινδα-

197 1426 386 1494 ρικὸν
425 1427 787 1495 καλούμενον,
1912 1445 1954 1479 15

273 1506 333 1570 ὃς
373 1506 463 1560 καὶ
502 1506 691 1570 τυπεὶς
732 1508 882 1580 ἁγνῷ
930 1508 1142 1561 πελέκει
1182 1508 1364 1561 τέκετο
1405 1506 1620 1570 ξανθὰν
1648 1505 1888 1560 Ἀθάναν

1263 1588 1436 1660 (Pind.
1463 1587 1558 1659 34)
1586 1619 1655 1626 —

274 1668 439 1738 σοφοὶ
481 1670 543 1723 δὲ
580 1670 670 1723 καὶ
711 1672 771 1724 τὸ
812 1672 985 1740 μηδὲν
1018 1673 1159 1740 ἄγαν
1190 1669 1319 1734 ἔπος
1351 1672 1585 1739 αἴνησαν
1615 1680 1888 1739 περισσῶς

1262 1751 1436 1824 (Pind.
1463 1750 1610 1823 216).

305 1833 426 1903 (14)
489 1837 598 1887 Τοῦ
648 1831 708 1887 δὲ
758 1836 1091 1889 δακτυλικοῦ
1138 1840 1588 1904 πενθημιμεροῦς
1629 1831 1715 1896 δὶς
1754 1836 1884 1900 λαμ-
1911 1853 1954 1886 80
2033 1860 2036 1862 >

194 1914 504 1982 βανομένου
561 1918 771 1984 γίνεται
826 1919 887 1970 τὸ
944 1916 1261 1985 ἐλεγεῖον·
1318 1915 1456 1968 ἀλλὰ
1503 1916 1563 1968 τὸ
1612 1911 1713 1981 μὲν
1762 1915 1884 1967 δεύ-

194 2016 355 2067 τερον
402 1998 574 2050 αὐτοῦ
631 1997 795 2067 μέρος
843 1997 1261 2066 ἑπτασύλλαβον
1309 1996 1391 2050 ἀεὶ
1442 1996 1619 2065 μένει,
1675 1995 1734 2049 ἐκ
1782 1997 1884 2049 δύο

194 2078 482 2131 δακτύλων
529 2078 618 2131 καὶ
659 2082 960 2148 συλλαβῆς,
1007 2081 1068 2133 τὸ
1111 2077 1170 2133 δὲ
1210 2081 1482 2147 πρότερον
1520 2076 1885 2143 κινουμένους

194 2156 302 2228 ἔχει
354 2162 484 2223 τοὺς
535 2161 637 2213 δύο
685 2162 882 2227 πόδας,
935 2162 1071 2214 ὥστε
1117 2160 1149 2228 ἢ
1200 2160 1506 2221 δακτύλους
1553 2159 1756 2221 αὐτοὺς
1803 2161 1884 2226 γί-

192 2246 391 2293 νεσθαι
437 2239 469 2308 ἦ
519 2242 872 2308 σπονδείους,
920 2243 951 2310 ἢ
997 2243 1095 2294 τὸν
1144 2239 1245 2310 μὲν
1284 2243 1553 2309 πρότερον
1594 2240 1883 2306 δάκτυλον,
1909 2261 1950 2292 25

192 2322 290 2374 τὸν
330 2319 390 2374 δὲ
431 2323 692 2392 δεύτερον
730 2323 1048 2375 σπονδεῖον·
1089 2322 1120 2391 ἢ
1153 2322 1429 2375 ἀνάπαλιν
1467 2322 1563 2373 τὸν
1607 2318 1710 2387 μὲν
1749 2323 1882 2389 πρό-

312 2450 336 2487 3
371 2445 452 2501 ἰαμ
486 2443 656 2503 έλεγος]
683 2445 797 2488 Mar
826 2445 942 2489 Plot
961 2445 1023 2488 VI
1048 2450 1148 2500 543,
1168 2451 1236 2489 20.
1287 2445 1406 2489 Serv.
1425 2444 1604 2498 IV466,
1627 2451 1693 2488 14.
1741 2445 1881 2488 schol.

194 2503 428 2560 Aristoph.
494 2518 560 2548 ac.
583 2509 666 2548 '775
693 2504 909 2561 (Heliod.)
936 2507 949 2561 ΙΙ
977 2509 1030 2547 16
1055 2481 1305 2549 Ma'r.P10t
1317 2504 1497 2557 VI545,
1513 2510 1538 2548 5
1563 2506 1576 2560 ΙΙ
1602 2509 1654 2546 21
1684 2503 1883 2560 ἐλεγεῖον

194 2563 363 2666 εοὶὲοΙβ
381 2568 518 2678 6121?
538 2567 559 2666 '1
570 2580 886 2665 {tevvoegtstpov
921 2563 1181 2620 ἐλεγειακόν
1213 2564 1346 2607 Dion.
1369 2563 1471 2607 Hal
1500 2563 1558 2607 de
1582 2577 1731 2619 comp.
1758 2563 1880 2606 verb.

194 2635 217 2665 c
288 2628 312 2667 5
345 2638 375 2679 p

313 2731 337 2768 2
373 2724 620 2798 ὁρσόλεπος
651 2726 743 2769 ΙΗ
774 2729 779 2782 Ι
815 2726 1073 2784 μεναιχμάν
1106 2726 1375 2780 DorviUius‚
1409 2741 1491 2781 μεν
1524 2723 1699 2781 αἰχμὰν
1733 2724 1883 2778 codd.

193 2800 448 2842 μεναιχμην
481 2785 622 2829 Pauw
668 2787 682 2841 Η
730 2790 752 2828 7
795 2785 1034 2830 λυθέντων
1067 2787 1124 2830 H
1171 2789 1184 2842 ΙΙ
1242 2790 1295 2829 10
1329 2783 1582 2830 δακτυλικὰ
1615 2786 1662 2837 Ι,
1702 2786 1882 2827 πλατω-

194 2843 301 2886 νικὰ
334 2846 378 2888 Α
403 2847 416 2900 ΙΙ
443 2850 494 2888 1⁴2
528 2842 841 2900 παντοσόφων
873 2847 914 2898 Ι,
945 2843 1204 2901 πανσόφων
1235 2847 1279 2889 A
1304 2848 1316 2901 Η
1343 2850 1394 2887 21
1430 2844 1534 2899 περὶ
1566 2859 1645 2886 του
1681 2841 1884 2900 ἐλεγείου

194 2900 360 2956 μέτρου
392 2905 456 2958 ΙΙΙ
481 2908 535 2946 25
568 2901 795 2958 πρότερον
828 2903 945 2957 ΑΗ,
979 2911 1162 2958 πρῶτον
1196 2907 1229 2948 Ι

1554 2975 1612 3018 4*
