2090 3158
674 180 752 220 IX.
787 179 932 220 ΠΕΡΙ
961 178 1400 220 XOPIAMBIKOT.
1815 177 1887 229 29

994 414 1085 468 ΙΧ.

709 535 874 604 Περὶ
916 537 1369 605 χοριαμβικοῦ.
1431 584 1450 593 ,

305 654 387 723 (1)
413 655 487 707 Τὸ
504 654 865 724 χοριαμβικὸν
882 655 1205 706 συντίθεται
1229 650 1331 720 μὲν
1355 654 1444 706 καὶ
1470 655 1744 722 καθαρόν,
1762 667 1888 706 συν-

193 739 408 789 τίθεται
441 736 502 789 δὲ
532 737 622 788 καὶ
656 735 943 802 ἐπίμικτον
971 735 1110 803 πρὸς
1139 735 1235 797 τὰς
1268 734 1541 803 ἰαμβικάς·
1582 735 1657 797 ὡς
1688 733 1890 786 ἐπίπαν

0 811 18 892 ξ’,
61 822 159 881 [55]
193 814 254 870 δὲ
295 816 385 870 ὅτε
415 818 812 886 καταληκτικόν
845 815 997 869 ἐστιν
1028 818 1106 878 είς
1135 817 1238 884 τὴν
1271 817 1532 884 ιάμβικὴν
1562 815 1891 868 κατάκλειδα
1915 836 1934 869 5

0 1342 19 1641 f

191 906 533 967 περαιοῦται,
570 897 859 951 τουτέστιν
904 898 983 960 εἰς
1029 897 1386 966 άμφίβραχυν
1416 897 1450 966 ἢ
1487 899 1748 965 βακχεῖον
1797 898 1890 949 διὰ

191 981 293 1048 τὴν
317 979 650 1050 ἀδιάφορον·
677 1011 747 1017 -
771 987 1095 1048 περαιοῦται
1118 976 1221 1045 μὲν
1244 980 1348 1048 γὰρ
1375 979 1465 1031 καὶ
1490 980 1569 1041 εἰς
1591 979 1695 1046 τὴν
1721 979 1888 1046 ἰδίαν,

191 1062 289 1114 τὸν
343 1061 619 1114 δάκτυλον
657 1060 691 1129 ἢ
730 1062 1017 1130 κρητικόν,
1072 1054 1195 1114 οἷον
1251 1062 1513 1129 ὃίμετρον
1561 1057 1664 1127 μὲν
1702 1061 1763 1112 τὸ
1806 1058 1891 1131 (fr.

191 1142 290 1212 lyr.
322 1143 500 1212 adesp.
526 1141 623 1214 69)
1454 1166 1456 1169 ·

417 1226 703 1278 ἱστοπόνοι
742 1226 1011 1293 μείρακες,
1918 1245 1960 1277 10

191 1309 452 1376 τρίμετρα
491 1303 551 1359 δὲ
593 1304 679 1377 (fr.
711 1308 810 1375 lyr.
846 1306 1025 1376 adesp.
1055 1303 1146 1376 70)

417 1385 548 1441 οὐδὲ
588 1390 829 1441 λεόντων
870 1387 1074 1450 σθένος
1112 1385 1243 1441 οὐδὲ
1285 1389 1507 1456 τροφαί,

192 1470 523 1538 τετράμετρα
563 1466 623 1521 δὲ
663 1469 751 1539 (fr.
783 1469 880 1539 lyr.
915 1470 1092 1539 adesp.
1120 1468 1214 1539 71)

416 1553 478 1603 αἳ
512 1553 812 1619 Κυθερήας
850 1549 1113 1604 ἐπιπνεῖτ’
1162 1553 1325 1620 ὄργια
1365 1550 1725 1604 λευκωλένου.

4 1674 11 1679 .
59 1634 157 1694 [56]
192 1631 330 1684 ἀλλὰ
359 1639 434 1703 τῷ
466 1639 638 1684 ταῦτα
670 1631 1032 1702 συνεχέστερα
1057 1628 1216 1700 εἶναι,
1249 1631 1625 1701 άπρεπέστερά
1657 1632 1786 1686 ἐστι.
1820 1664 1880 1670 —-
1916 1651 1957 1683 15

0 1755 13 1867 ὲ

0 1876 16 1978 ἔ

0 2135 13 2162 f,

191 1713 278 1781 (2)
335 1714 412 1765 Τὰ
458 1709 518 1765 δὲ
568 1714 646 1775 εἰς
691 1715 790 1767 τὸν
828 1713 1186 1783 ἀμφίβραχυν
1232 1712 1265 1782 ἢ
1312 1716 1593 1782 βακχεῖον·
1643 1707 1767 1767 οἷον
1807 1715 1890 1767 δι’-

191 1813 361 1863 μετρα
398 1791 500 1861 μὲν
537 1795 604 1846 τὰ
642 1792 696 1858 ἐξ
738 1796 1150 1857 Αἰολοσίκωνος
1190 1796 1623 1864 Ἀριστοφάνους
1663 1794 1783 1866 (10)

625 1876 728 1929 οὐκ
768 1875 903 1945 ἐτός,
945 1873 986 1930 ὦ
1026 1885 1300 1945 γυναῖκες,

625 1965 758 2010 πᾶσι
798 1966 1053 2011 κακοῖσιν
1094 1959 1231 2027 ἡμᾶς

628 2043 847 2106 φλῶσιν
886 2038 1128 2093 ἑκάστοτ’
1174 2041 1393 2108 ἄνδρες·
1919 2059 1961 2090 20

629 2121 785 2173 δεινὰ
825 2122 928 2190 γὰρ
968 2123 1102 2190 ἔργα
1141 2123 1350 2189 δρῶσαι

1041 2201 1053 2221 9
1106 2202 1118 2214 ³
1172 2203 1185 2224 5
1279 2202 1291 2221 2

318 2382 344 2420 3
376 2377 535 2420 τὸ-8
568 2375 788 2433 κρητικόν
821 2377 975 2420 Tract.
1000 2377 1128 2421 Harl.
1162 2378 1308 2434 (Dem.
1336 2379 1492 2435 Tricl.)
1524 2395 1567 2436 p.
1595 2384 1664 2433 22,
1691 2384 1864 2422 23—26

202 2439 227 2477 3
258 2435 374 2479 Mar.
401 2435 522 2480 Vieiz.
548 2435 612 2478 VI
637 2441 708 2491 86,
734 2440 760 2478 4
780 2450 880 2492 sqq.
905 2438 920 2492 ΙΙ
945 2441 970 2480 6
1004 2436 1128 2480 Serv.
1154 2437 1218 2480 IV
1242 2443 1344 2492 463,
1371 2445 1396 2483 5
1421 2441 1435 2495 ΙΙ
1462 2444 1516 2482 10
1548 2439 1662 2482 Mar.
1689 2438 1807 2482 Plot.
1834 2438 1895 2480 VI

203 2498 304 2548 534,
333 2499 388 2538 14
411 2497 426 2551 ΙΙ
453 2500 507 2538 14
539 2495 680 2539 schol.
714 2494 763 2538 in
795 2495 1015 2553 Hermog.
1047 2496 1123 2540 Rh
1140 2496 1280 2541 GVH
1305 2502 1404 2553 988,
1431 2503 1455 2540 9

321 2647 346 2685 2
379 2643 486 2698 περὶ
510 2642 769 2702 χοριάμβου
795 2645 866 2697 D,
898 2644 1005 2699 περὶ
1032 2651 1114 2688 τοῦ
1145 2646 1454 2703 χοριαμβικοῦ
1479 2644 1645 2702 μέτρου
1669 2647 1704 2688 Ι
1720 2647 1734 2702 ΙΙ
1760 2650 1785 2688 3
1819 2646 1897 2688 καὶ

202 2714 290 2745 om.
326 2702 375 2745 D
410 2703 426 2757 ΙΙ
466 2706 491 2745 5
524 2701 571 2754 ἐς
602 2703 646 2746 Α
674 2704 678 2758 Ι
707 2701 990 2746 κατάκλειδα
1024 2705 1068 2748 Α
1107 2706 1323 2761 (semper)
1361 2706 1376 2760 ΙΙ
1417 2708 1443 2746 8
1475 2704 1559 2760 μὲν
1589 2705 1640 2748 τὸ
1675 2706 1780 2759 DI,
1814 2704 1897 2760 μὲν

203 2757 306 2804 οἷον
339 2761 384 2804 Α
407 2762 422 2816 ΙΙ
449 2765 500 2803 11
533 2759 776 2817 τρίμετρον
810 2760 861 2805 δὲ
896 2763 979 2820 H!
1006 2762 1059 2807 δὲ
1092 2761 1195 2807 οἷον
1229 2765 1293 2820 ΙΙΙ
1319 2769 1373 2806 14
1406 2762 1456 2806 αἱ
1488 2764 1554 2817 A,
1588 2763 1638 2807 ἐκ
1670 2763 1897 2808 RhGVII

203 2822 340 2873 988‚9
362 2819 368 2878 Ι
397 2819 638 2875 κυθερήας
664 2821 719 2875 G,
745 2823 985 2876 κυθερῆας
1001 2823 1111 2875 ΑΡ,
1136 2820 1388 2877 κυθερείας
1412 2824 1505 2866 DI
1522 2823 1595 2866 Rh
1613 2823 1653 2867 G
1675 2826 1690 2879 ΙΙ
1716 2828 1770 2866 16
1796 2820 1897 2867 οἷον

204 2890 293 2920 om.
328 2880 360 2921 Ι
408 2881 423 2934 ΙΙ
478 2883 533 2922 20
567 2878 759 2924 ἑκάστοτ
798 2883 995 2935 φλῶσιν,
1040 2881 1122 2924 sed
1164 2881 1334 2925 litteris
1367 2883 1396 2939 β
1428 2883 1476 2925 ei:
1507 2899 1537 2924 α
1570 2883 1896 2940 suprascriptis

204 2950 317 2981 corr.
353 2939 402 2981 D
425 2940 440 2993 Η
466 2942 519 2980 22
553 2937 875 2997 λαμβανόμεθ’
915 2940 963 2982 D
