2090 3158
0 526 8 550 Ρ

0 558 6 578 I

0 649 89 798 ξω)

0 801 18 938 ἐ

0 965 11 1082 ἓ

0 1254 10 1270 v

0 1440 9 1671 ἔ

0 1798 7 1834 ἰ

528 177 587 219 1⁶
618 176 763 216 ΠΕΡΙ
792 175 1029 216 ΚοῙΝΗΣ
1060 175 1401 216 mmmmm
1480 167 1484 170 ’
1709 172 1812 226 197

123 329 226 362 νον
259 307 400 380 (τότε
441 310 545 377 γὰρ
579 310 645 362 οὐ
680 312 964 378 γενήσεται
1003 310 1200 378 μακροί,
1242 309 1402 378 ἡνίκα
1435 307 1547 362 ἐστὶ
1580 309 1817 377 καθαρά,

122 390 260 442 ἀλλὰ
299 389 502 460 κοινή),
544 390 687 459 λέγει
728 391 756 444 ὁ
783 388 1182 459 Ἡλιόδωρος
1221 392 1560 458 βοηθεῖσθαι
1601 395 1673 461 τῷ
1706 410 1818 443 τοι-

122 473 266 543 ούτῳ
307 475 491 543 τρόπῳ
532 473 620 525 καὶ
661 481 842 540 μεῖναι
876 471 1051 539 αὐτὴν
1080 472 1297 541 μακρὰν
1328 471 1420 524 καὶ
1450 471 1522 539 μὴ
1555 474 1817 539 γινεσθαι

121 554 317 621 κοινὴν
370 554 505 605 κατὰ
560 552 616 621 η’
671 555 927 622 τρόπους.
1018 562 1241 621 πρῶτον
1293 551 1449 620 μέν,
1476 553 1565 606 ότε
1621 553 1818 621 στιγμὴ

124 633 438 703 ἐπιφέρεται
480 635 617 706 αὐτῇ
658 644 721 706 τῇ
761 642 944 706 μακρᾷ
982 638 1105 688 οἱον
1867 653 1886 685 5

197 715 490 769 ἀθάνατοι·
532 716 651 770 οὐδ’
684 723 846 780 εἴτις
877 718 1164 787 ἀπόπροθι
1202 717 1424 783 δώματα
1456 717 1598 769 ναίει
1631 713 1681 787 (ε
1707 713 1817 786 80).

125 798 389 867 δεύτερον
429 797 507 866 δέ,
550 798 646 853 ἐὰν
686 800 824 868 αὐτὴ
863 800 896 868 ἡ
935 800 1116 868 μακρὰ
1154 806 1482 867 περισπᾶται
1522 790 1645 851 οἷον

198 886 273 951 τῷ
295 877 674 951 Ἀσκληπιάδῃ,
699 880 853 951 ιοέτόερ
880 881 981 934 οὐκ
1009 882 1132 934 ἴδον
1150 882 1362 947 ὄμματα
1384 881 1567 948 φωτός
1585 877 1660 950 (A
1669 877 1819 949 614).

124 963 331 1029 τρίτον,
372 960 470 1015 ἐὰν
509 971 572 1032 τῇ
613 969 793 1032 μακρᾷ
833 961 1217 1031 περισπωμένη
1259 960 1583 1030 ἐπιφέρηται
1586 1001 1604 1031 J

199 1042 406 1096 ἐσθλὸν
454 1042 502 1096 δ’
550 1043 686 1097 οὐδέ
735 1064 786 1096 τι
842 1062 924 1096 πω
982 1038 1137 1106 εἶπας
1192 1046 1320 1105 ἔπος
1367 1041 1486 1095 οὐδ’
1536 1041 1819 1105 ἐτέλεσσας
1843 1059 1886 1092 10

1197 1123 1273 1196 (A
1302 1123 1454 1195 108)·

125 1199 186 1251 τὸ
227 1200 332 1267 γὰρ
374 1192 527 1261 εἶπας
566 1208 909 1267 περισπᾶται.

124 1279 404 1348 τέταρτον,
445 1279 541 1333 ἐὰν
581 1279 728 1344 ὀξεῖα
769 1281 1091 1351 ἐπιφέρηται
1132 1274 1255 1334 οἷον

198 1370 270 1430 πῆ
312 1360 408 1430 ἔβη
450 1360 786 1431 Ἀνδρομάχη
830 1364 1167 1425 λευκώλενος
1207 1360 1279 1433 (Ζ
1312 1359 1462 1431 377).

123 1442 387 1510 πέμπτον,
427 1442 525 1496 ἐὰν
565 1443 910 1512 δασυνομένη
952 1443 1093 1507 λέξις
1133 1442 1456 1511 ἐπιφέρηται
1497 1436 1619 1496 οἷον
1843 1457 1885 1490 15

200 1526 428 1592 δόμεναι
468 1524 768 1578 ἑλικώπιδα
806 1526 1016 1595 κούρην
1055 1523 1133 1594 (A
1165 1523 1283 1591 98)·

124 1606 185 1658 τὸ
227 1607 330 1675 γὰρ
372 1605 670 1659 ἑλικώπιδα
710 1605 1026 1675 ἐπιφέρεται
1069 1608 1466 1675 δασυνόμενον.

125 1686 302 1754 ἕκτον,
343 1688 431 1741 ὅτε
472 1688 856 1758 συγκρουσμὸς
898 1689 986 1741 καὶ
1028 1687 1282 1757 συνέχεια
1322 1689 1437 1740 ἔστι
1477 1690 1821 1756 συναλοιφῆς

126 1768 418 1838 γινομένης

211 1850 382 1917 Ἰδαῖ’,
407 1849 632 1918 ’Έκτορι
671 1859 842 1903 ταῦτα
881 1851 1127 1903 κελεύετε
1158 1852 1524 1919 μυθήσασθαι
1558 1848 1643 1921 (Η
1663 1847 1818 1921 284)·
1844 1865 1887 1897 20

137 1930 293 1986 Ἰδαῖε
333 1932 437 2002 γάρ
480 1931 592 1985 ἐστι
633 1934 693 1984 τὸ
734 1931 962 1995 ἐντελές.

126 2012 383 2082 ἕβδομον,
425 2014 515 2066 ὅτε
555 2013 582 2066 ὁ
622 2012 654 2081 ἢ
698 2014 1068 2077 διαζευκτικὸς
1107 2011 1479 2082 Τέπιφέρεται

202 2094 234 2163 ἢ
276 2096 416 2157 Αἴας
455 2115 486 2162 η
532 2094 834 2164 Ἰδομενεὺς
872 2095 904 2163 ἠ
946 2096 1065 2157 δῖος
1097 2093 1395 2156 Ὀδυσσεύς
1434 2092 1512 2165 (Α
1541 2092 1692 2165 145)-

126 2175 251 2245 περὶ
284 2186 376 2246 τῆς
409 2197 472 2239 ας
506 2191 642 2246 φησι
675 2179 975 2245 συλλαβῆς·
1014 2184 1178 2230 τοῦτο
1212 2173 1271 2228 δε
1307 2177 1391 2228 δεῖ
1416 2184 1819 2276 παρατηρῆσαι,

128 2258 211 2311 ότι
258 2260 364 2328 πρὸ
414 2266 512 2310 τοῦ
554 2279 586 2326 η
635 2268 808 2310 κεῖται
857 2259 1162 2326 σύμφωνον
1201 2256 1262 2310 ἐν
1301 2264 1375 2329 τῷ
1418 2278 1504 2324 ας,
1545 2255 1635 2309 καὶ
1677 2257 1819 2323 ὅμως
1845 2271 1886 2302 25

247 2454 269 2492 1
305 2445 465 2517 ἡνίκα]
499 2465 576 2491 ινα
610 2449 664 2491 K
697 2449 711 2503 ΙΙ
751 2452 775 2490 2
810 2448 1046 2505 βοηθῆσαι
1080 2449 1133 2492 Κ
1163 2450 1177 2504 ΙΙ
1209 2453 1294 2490 2-
1300 2452 1324 2491 3
1357 2447 1437 2491 τὸν
1469 2454 1683 2491 τοιοῦτον
1715 2444 1820 2501 τρό-

126 2522 217 2551 πον
252 2508 325 2563 Ul}
349 2513 376 2550 4
411 2504 483 2550 ὅτε
509 2507 669 2558 Gaisf„
706 2504 773 2550 ὅτι
799 2506 932 2550 codd
957 2509 972 2563 ΙΙ
997 2512 1052 2550 10
1076 2506 1275 2582 ἐσθλὸν]
1310 2506 1461 2550 ἐλθών
1489 2506 1568 2562 K!
1597 2502 1723 2555 εἶπες
1749 2507 1815 2561 ΠΙ

128 2566 237 2616 ἔπος
269 2580 355 2610 om.
384 2567 438 2609 K
468 2570 473 2621 Ι
509 2565 715 2616 ἐτέλεσας
747 2566 878 2609 codd.
913 2569 927 2623 ΙΙ
961 2572 1014 2610 12
1050 2563 1176 2618 εἶπες
1209 2567 1252 2611 U
1284 2568 1289 2622 1
1325 2572 1608 2620 περισπᾶται
1640 2579 1728 2609 om.
1755 2566 1818 2619 K,

127 2625 212 2669 lac.
247 2625 341 2670 ind.
370 2626 449 2670 K²
473 2633 486 2679 ΙΙ
513 2631 567 2669 13
599 2623 820 2679 τέταρτον
853 2626 903 2669 δὲ
938 2627 982 2670 U
1005 2628 1020 2681 ΙΙ
1053 2630 1106 2669 17
1142 2623 1351 2681 ἐπιφέρει
1385 2626 1438 2668 K
1463 2626 1478 2680 ΙΙ
1504 2629 1558 2668 18
1594 2622 1705 2667 όταν
1740 2625 1783 2669 U
1806 2625 1820 2680 ΙΙ

129 2688 184 2727 20
215 2692 361 2728 ταῦτα
394 2684 626 2729 κελεύεται
659 2685 712 2737 L,
744 2684 915 2728 κελεύει
947 2692 1093 2728 ταῦτα
1119 2686 1206 2741 ΚΙΙ
1231 2690 1286 2727 22
1321 2682 1597 2739 ἐπιφέρηται
1632 2684 1702 2740 Ul
1730 2683 1821 2726 He-

126 2743 332 2787 liodorus
365 2744 481 2787 haec
515 2743 611 2787 fere
644 2742 884 2799 scripsisse
915 2744 1099 2787 videtur
1130 2742 1204 2788 ὅτε
1236 2748 1298 2802 τῷ
1332 2741 1359 2798 ἢ
1394 2745 1695 2801 διαζευκτικῷ
1723 2743 1821 2787 ἐπι-

129 2801 318 2858 φέρεται
343 2809 551 2858 φωνῆεν,
579 2802 939 2858 Choeroboscus,
965 2803 1046 2860 qui
1071 2805 1287 2859 corrupta
1312 2805 1364 2846 ut
1396 2816 1518 2845 nunc
1552 2804 1659 2844 sunt
1690 2801 1820 2858 legit,

127 2875 387 2917 perversam
427 2861 613 2905 addidit
644 2861 1003 2917 explicationem
1038 2867 1257 2916 24—198,
1276 2868 1300 2905 2
1356 2863 1370 2918 ΙΙ
1426 2866 1480 2905 24
1520 2862 1625 2914 περὶ
1658 2861 1708 2904 δὲ
1741 2867 1822 2917 τῆς

132 2938 186 2971 ας
218 2922 442 2978 συλλαβῆς
473 2927 608 2964 τοῦτο
642 2918 775 2977 φησί·
810 2922 885 2965 δεῖ
914 2922 968 2965 K
