2090 3158
215 161 320 213 100
736 164 742 169 ·
902 161 1133 202 ΣΧΟΛΙΑ
1165 162 1203 200 Α

213 293 595 364 λαμβανομένη
631 294 692 348 ἐν
715 293 849 364 μέσῃ
876 292 1036 357 λέξει·
1077 293 1334 346 κέκοπται
1363 294 1466 363 γὰρ
1492 295 1553 347 τὸ
1587 293 1893 347 πᾶλαῖὦν.

211 379 271 429 τὸ
311 376 530 430 θέλετ’
569 376 690 430 ἀντὶ
729 384 855 444 μιᾶς
893 382 1103 445 μακρᾶς
1141 375 1642 444 παραλαμβάνεταιε
1681 407 1753 413 —-
1788 375 1899 429 AC

323 459 372 527 3',
401 459 467 510 19
509 459 870 527 γλυκώνειονε
912 488 980 492 -
1006 455 1082 507 A⁹
1097 455 1158 508 0⁹

323 539 378 608 3,
419 540 484 591 19
547 539 580 607 ἡ
642 540 758 591 θοῇ
819 539 1000 604 κοινή·
1064 538 1286 606 ἰαμβικὴ
1349 537 1452 607 γὰρ
1506 537 1539 606 ἡ
1593 541 1894 590 τελευταίας

169 642 188 674 5
212 652 284 658 —
309 620 450 673 AiCy

325 702 372 769 3,
402 702 468 754 19
522 702 556 770 ἤ
610 721 728 754 κου
778 708 899 753 νῦν
947 698 1048 752 ε’πὶ
1097 703 1422 768 Ληθαιόυε
1473 699 1505 768 ἡ
1553 703 1670 752 θοῇ
1716 702 1896 769 κοινή·
1931 708 1997 767 [8]

216 785 438 852 ἰαμβικὴ
478 784 580 852 γὰρ
620 782 653 850 ἡ
694 782 977 843 κατάκλεις
1001 788 1114 833 τοῦ
1154 782 1495 848 γλυκωνείου
1535 781 1898 851 καλουμένου,

214 865 286 927 ὡς
325 863 384 916 ἐκ
424 871 518 931 τῆς
557 863 926 932 ἀντιστροφῆς
965 859 1115 914 ἔστιν
1157 863 1314 930 ἰδεῖν,
1355 861 1494 930 λέγω
1536 864 1602 932 δὴ
1641 871 1739 917 τοῦ

641 961 953 1028 γουνοῦμαί
991 957 1050 1010 σ’
1089 958 1417 1027 ἑλαφηβόλε·
1452 978 1456 982 ·

147 1065 245 1133 1οὴ
279 1066 382 1133 γὰρ
417 1056 483 1116 ῖς
524 1062 645 1118 ἀντὶ
685 1071 916 1133 μακρᾶς,
966 1062 1050 1114 ὅτι
1091 1064 1373 1115 τελευταία
1413 1061 1577 1116 ἐστίν.
1609 1095 1681 1100 -
1719 1061 1800 1116 ἔτι
1841 1061 1899 1116 δὲ

214 1147 260 1198 εἰ
317 1151 515 1213 εἴποις,
572 1146 806 1198 δύναταί
857 1164 939 1206 τις
991 1145 1092 1212 τὴν
1146 1145 1411 1211 συζυγίαν
1459 1144 1639 1211 λέγειν
1685 1147 1786 1213 τὴν
1831 1146 1900 1198 πὶ

215 1228 497 1294 ληθαίου
529 1227 786 1296 καθαρὰν
811 1224 1239 1293 ἀντισπαστικὴν
1270 1233 1364 1294 τῆς
1396 1228 1708 1289 τελευταίας
1733 1227 1901 1295 οὔσης

214 1308 548 1376 ἀδιαφόρου,
597 1306 724 1359 ἀλλ’
763 1307 1108 1359 ἐναντιοῦται
1155 1308 1187 1374 ἡ
1236 1305 1596 1376 ἀντιστροφή·
1653 1307 1899 1378 εὑρίσκο-

212 1409 312 1455 μεν
351 1390 453 1457 γὰρ
497 1389 595 1441 ὅλα
634 1389 699 1440 τὰ
739 1387 1172 1457 ἀντιστρέφοντα
1214 1390 1435 1458 ιάμβικῇ
1475 1392 1900 1458 κατακλειόμενα

147 1507 189 1539 15
642 1485 822 1548 ξανθὰ
861 1493 959 1536 παῖ
997 1485 1134 1547 Διὸς
1175 1484 1397 1553 ἀγρίων.

215 1587 296 1640 ἀεὶ
337 1585 396 1640 δὲ
436 1589 494 1640 τὸ
535 1587 962 1641 ἀντισπαστικὸν
1002 1589 1260 1658 δι’μετρον
1299 1589 1396 1641 τὸν
1435 1599 1656 1658 πρῶτον
1688 1589 1901 1641 ἁπλοῦν

214 1671 355 1722 πόδα
395 1668 704 1739 ἀδιάφορον
745 1671 1031 1738 λαμβάνεις
1070 1701 1143 1706 -
1167 1670 1275 1722 AC

323 1751 374 1818 4,
402 1751 429 1802 1
481 1752 528 1803 εἰ
577 1752 679 1820 γὰρ
729 1751 970 1804 δυνατὸν
1016 1747 1085 1818 ἦν
1125 1750 1185 1804 ἐν
1231 1749 1382 1804 ἔπεσι
1430 1753 1531 1820 τὴν
1576 1753 1772 1820 κοινὴν
1812 1750 1895 1804 ἐπὶ

213 1831 378 1899 μέσης
411 1830 601 1895 λέξεως
634 1827 792 1900 εἶναι,
825 1833 927 1884 οὐκ
960 1832 1198 1885 ἐκώλυεν
1231 1834 1406 1885 εἰπεῖν
1436 1831 1490 1884 Ά
1499 1854 1530 1903 ρ
1541 1832 1783 1902 χέλαος.
1837 1834 1898 1885 τὸ

147 1934 190 1966 20
217 1914 317 1981 γὰρ
358 1915 393 1964 α’
431 1911 750 1965 ἐκτείνεταιε
790 1945 863 1950 -
886 1913 939 1965 A

325 1994 429 2061 4,1
473 1995 534 2046 τὸ
576 1997 679 2064 γὰρ
712 1994 1047 2063 Ἀρχέλαος
1085 1995 1299 2063 μακρὸν
1338 1997 1445 2064 ἔχει
1484 1997 1544 2048 τὸ
1579 1999 1633 2047 ἇς
1666 1994 1901 2048 ——A2'C9

325 2076 375 2142 4,
404 2076 430 2126 7
474 2075 846 2145 <ἀμυσχρόν>ε
886 2079 1160 2144 καθαρόνε
1199 2108 1273 2114 —-
1303 2077 1454 2129 A⁹C⁹

326 2156 432 2224 4‚9
477 2158 788 2224 Πηνελάοιο
843 2158 946 2225 γὰρ
1001 2154 1090 2225 ἦν·
1147 2156 1265 2210 ἀλλ’
1311 2157 1496 2227 ἐπειδὴ
1545 2157 1900 2224 ἐκτεταμένον
1936 2169 2017 2208 106

1933 2270 2000 2328 [9]

338 2343 361 2381 6
378 2353 475 2394 sqq.
504 2338 661 2382 Choer.
688 2344 758 2391 42,
781 2343 833 2382 16
850 2353 946 2394 sqq.
974 2342 988 2395 ξι
1014 2344 1066 2382 22
1102 2339 1261 2384 Choer.
1286 2344 1356 2394 43,
1377 2345 1430 2383 10

341 2499 361 2536 1
397 2492 688 2537 κέκοπται-
709 2496 918 2536 παλαιῶν
952 2508 1037 2536 om.
1068 2495 1105 2537 (7
1129 2495 1134 2552 Ι
1161 2528 1276 2549 uv-
1311 2495 1474 2538 addidi
1498 2497 1511 2551 ΙΙ
1545 2500 1568 2537 2
1603 2509 1630 2538 a·
1662 2495 1711 2538 τὸ
1744 2493 1895 2538 θέλετ’

220 2553 267 2595 in
300 2554 343 2595 A
377 2553 463 2595 inc.
492 2553 622 2596 alter.
654 2552 793 2595 schol.
825 2554 829 2607 Ι
859 2554 901 2595 Α
937 2554 1041 2596 add.
1075 2553 1297 2611 τροχαῑκὴ
1332 2554 1418 2609 γάρ
1452 2554 1573 2598 ἐστιν
1607 2554 1634 2610 ἡ
1667 2551 1795 2610 τρίτη
1828 2554 1901 2597 ἀεὶ

222 2610 410 2666 συζυγία
435 2614 448 2667 ΙΙ
474 2616 499 2653 4
531 2612 581 2655 τὸ
614 2615 704 2654 θαι
736 2628 884 2667 κοινη,
918 2611 1133 2669 ὃιίαμβος
1163 2628 1216 2655 πι
1247 2611 1448 2668 ληθαίου
1482 2615 1530 2657 I)
1554 2616 1568 2669 ΙΙ
1595 2618 1616 2656 7
1646 2613 1697 2656 τὸ
1730 2614 1900 2669 γλυκώ-

222 2687 346 2714 νειον
380 2671 664 2726 καλούμενον
697 2671 804 2723 AG,
840 2684 951 2713 corr.
979 2670 1129 2724 Caes.;
1163 2685 1222 2714 an
1255 2672 1454 2715 delenda
1486 2674 1621 2715 sunt?
1645 2674 1659 2728 ΙΙ
1685 2675 1710 2714 8
1741 2677 1823 2727 τῆς
1852 2672 1899 2726 Ο,

221 2730 346 2778 τινὸς
377 2732 419 2772 Α
467 2732 480 2783 ΙΙ
530 2734 582 2772 10
617 2730 680 2773 ἔτι
712 2729 914 2782 Wilam.,
950 2727 1018 2772 ὅτι
1049 2730 1145 2774 AC
1190 2734 1195 2784 Ι
1243 2731 1284 2774 εἰ
1315 2730 1446 2787 εἴπης
1477 2733 1536 2784 A,
1569 2728 1625 2786 ἢν
1659 2729 1790 2786 εἴπης
1823 2731 1860 2774 G
1886 2733 1899 2787 ΙΙ

224 2793 274 2830 11
304 2787 474 2832 δύνατο
501 2791 543 2832 Α
568 2791 581 2844 ΙΙ
609 2792 824 2842 lis—101,
844 2793 868 2830 2
901 2788 949 2830 in
975 2791 1005 2831 Ι
1034 2789 1148 2832 haec
1181 2791 1289 2833 sunt
1315 2790 1366 2834 τὸ
1399 2789 1485 2846 γὰρ
1511 2788 1791 2848 Άρχελαῖὃος
1821 2790 1901 2832 καὶ

221 2847 272 2889 τὸ
312 2846 573 2902 Πηνελάοιο
612 2847 662 2890 τὸ
701 2850 756 2890 λᾶ
797 2846 1113 2902 ἐκτεταμένον·
1156 2846 1333 2903 γίνεται
1372 2846 1456 2893 οὖν
1488 2848 1622 2903 κοινή
1664 2851 1677 2905 ΙΙ
1724 2853 1776 2891 21
1811 2852 1900 2903 Αρ-

222 2904 400 2963 χέλαος]
434 2905 538 2948 fort.
571 2904 851 2963 Ἀρχελαΐδος
881 2909 895 2962 ῙΙ
928 2911 981 2948 22
1009 2907 1079 2950 Κ2
1113 2908 1216 2950 add.
1254 2906 1279 2962 ἢ
1313 2906 1523 2963 ἀμαυρόν
