2090 3158
209 160 280 212 54
407 161 828 203 ΗΦΑΙΣΤΙΩΝΟΣ
858 161 1248 202 ΕΓΧΕΙΡΙΔΙΟΝ
1281 162 1424 202 ΠΕΡΙ
1454 161 1713 204 ΜΕΤΡΩΝ.

207 295 298 348 καὶ
339 295 600 364 διμέτρου
642 294 1015 362 άκαταλήκτου
1056 302 1155 346 τοῦ

431 375 750 446 χρυσέοισιν
788 374 1138 442 άνθέμοισιν·

210 460 271 511 τὸ
314 459 375 511 δὲ
414 460 601 525 τρίτον
641 455 694 519 ἐξ
735 457 1231 525 ὑπερκαταλήκτου,

432 539 552 591 ἀντὶ
592 547 687 600 τᾶς
731 537 835 606 ἐγὼ
879 534 1009 590 οὐδὲ
1051 539 1268 591 Λυδίαν
1927 550 1983 589 55

163 642 182 673 5
208 621 296 673 καὶ
336 621 874 689 βραχυκαταλήκτου,

431 709 612 754 πᾶσαν
652 697 783 752 οὐδ’
811 698 1065 768 ἐραννάν.

321 792 440 858 (20)
483 787 784 857 Ἀνακρέων
825 784 885 839 δὲ
921 788 1022 840 οὐκ
1057 789 1280 859 ιάμβικᾷ
1323 787 1460 841 ἀλλὰ
1498 791 1902 862 χοριαμβικῷ

206 870 517 942 ἐπιμίκτῳ
559 871 695 939 πρὸς
734 870 829 931 τὰς
866 870 1120 937 ιάμβικὰς
1152 868 1388 937 ἐπήγαγε
1427 871 1498 924 τὸ
1541 873 1898 940 ι’θυφαλλι-

207 955 324 1005 κόν
357 951 478 1023 (30)
832 1010 834 1013 v

141 1057 183 1088 10
429 1034 528 1086 τὸν
569 1032 871 1102 λυροποιὸν
911 1032 1124 1101 ἠρόμην
1165 1033 1440 1103 Στράττιν
1480 1035 1530 1086 εἰ
1566 1036 1805 1102 κομήσει.

323 1122 440 1190 (21)
484 1123 695 1174 Τούτου
730 1121 790 1173 δὲ
820 1123 1046 1187 μεῖζόν
1087 1121 1200 1174 ἐστι
1242 1125 1532 1191 συλλαβῇ
1571 1130 1642 1192 τῇ
1682 1127 1900 1175 τελευ-

208 1205 355 1273 ταίᾳ
388 1204 449 1255 τὸ
484 1203 828 1270 καλούμενον
853 1205 1277 1272 Κρατίνειον·
1310 1201 1426 1256 ἔστι
1459 1204 1562 1274 γὰρ
1590 1203 1648 1256 ἐκ
1679 1224 1900 1273 χοριαμ-

208 1286 372 1352 βικοῦ
422 1283 732 1351 ἐπιμίκτου,
779 1291 878 1335 τοῦ
919 1285 1020 1351 τὴν
1060 1283 1325 1355 δευτέραν
1368 1286 1629 1353 ιάμβικὴν
1668 1289 1899 1354 ἔχοντος

211 1366 299 1418 καὶ
340 1373 633 1435 τροχαϊκοῦ
675 1364 1112 1434 έφθημιμεροῦς·

143 1476 182 1508 15
282 1455 419 1508 Εὔιε
460 1453 769 1523 κισσοχαϊτ’
806 1453 965 1523 ἄναξ,
1014 1455 1182 1525 χαῖρ’,
1223 1454 1425 1524 ἔφασκ’
1472 1454 1829 1523 Ἐκφαντίδης

1282 1535 1404 1608 (frg.
1432 1535 1587 1607 324³)
1614 1567 1683 1573 ——-

278 1618 455 1670 πάντα
479 1618 708 1687 φορητά,
747 1618 925 1670 πάντα
949 1619 1187 1688 τολμητὰ
1209 1620 1341 1691 τῷδε
1373 1625 1445 1691 τῷ
1472 1624 1616 1690 χορῷ
1631 1615 1813 1689 (324b)
1830 1651 1903 1656 —
1931 1625 2053 1683 [101]

278 1700 422 1767 πλὴν
439 1699 641 1758 Ξενίου
660 1701 879 1767 όμονισι
898 1698 987 1751 καὶ
1003 1703 1362 1769 Σχοινίωνος,
1378 1700 1418 1752 ὦ
1433 1702 1623 1771 Χάρον
1633 1697 1902 1770 (3240),-
1928 1707 2055 1765 [102]

205 1787 328 1855 (22)
380 1788 451 1839 Τὸ
501 1785 602 1855 μὲν
643 1783 746 1840 οὖν
792 1789 1046 1858 καθαρὸν
1093 1792 1419 1858 Κρατίνειον
1469 1790 1725 1842 τοιοῦτόν
1765 1787 1899 1842 ε’στι·

143 1890 185 1922 20
209 1869 722 1938 πολυσχημάτιστον
785 1866 844 1921 δὲ
907 1869 1040 1922 αὐτὸ
1112 1872 1474 1938 πεποιήκασιν
1536 1871 1588 1922 οἱ
1655 1873 1898 1936 κωμικοί.

213 1952 343 2013 τοὺς
389 1951 492 2020 γὰρ
543 1952 871 2013 σπονδείους
919 1953 1048 2013 τοὺς
1097 1951 1459 2017 ἐμπίπτοντας
1505 1949 1567 2003 ἐν
1615 1959 1730 2012 τοῖς
1783 1953 1899 2018 ιάμ-
1927 1958 2052 2016 [103]

208 2033 388 2098 βικοῖς
427 2032 516 2084 καὶ
557 2040 671 2094 τοῖς
709 2041 1019 2101 τροχαϊκοῑς
1061 2034 1209 2101 παρὰ
1247 2031 1401 2095 τάξιν
1441 2033 1900 2100 παραλαμβάνου-

209 2126 299 2164 σιν
359 2111 419 2165 ἐν
473 2123 592 2175 ταῖς
645 2112 834 2179 μέσαις
897 2116 1203 2182 συζυγίαις,
1259 2122 1323 2183 τῇ
1379 2121 1635 2182 τροχαῑκῇ
1692 2114 1778 2165 καὶ
1834 2122 1896 2184 τῇ

211 2195 447 2263 ιάμβικῇ.
507 2195 752 2256 Εὔπολις
785 2195 845 2246 δὲ
878 2194 938 2247 ἐν
970 2204 1085 2258 τοῖς
1118 2194 1523 2264 Ἀστρατεύτοις
1555 2195 1643 2247 καὶ
1676 2194 1897 2248 ἄτακτο-

139 2295 181 2326 25
208 2275 379 2336 τάτως
406 2275 681 2342 συνέθηκε
706 2277 765 2327 τὸ
793 2272 959 2338 εἶδος·
996 2285 1068 2344 πῆ
1102 2277 1203 2343 μὲν
1227 2278 1330 2345 γὰρ
1357 2284 1583 2329 τοιαῦτα
1608 2285 1754 2328 ποιεῖ
1779 2274 1896 2347 (37)
1924 2285 2050 2345 [104]

285 2356 486 2425 ἄνδρες
529 2355 750 2425 ἑταῖροι,
792 2356 953 2425 δεῦρ’
984 2359 1089 2426 ἤδη
1125 2359 1226 2425 τὴν
1257 2358 1483 2426 γνώμην
1514 2358 1851 2426 προσίσχετε,

284 2440 334 2489 εἰ
372 2431 629 2506 δυνατόν,
670 2438 758 2490 καὶ
798 2440 870 2505 μή
909 2458 960 2490 τι
1000 2442 1184 2506 μεῖζον
1222 2439 1538 2508 πράττουσα
1575 2439 1851 2507 τυγχάνει,

328 2617 355 2656 4
386 2610 519 2657 τᾶσδ’
541 2615 604 2669 ΙΙΙ
631 2618 655 2656 6
689 2612 892 2666 ἐράνναν
917 2614 962 2656 Α
987 2615 999 2669 ΙΙ
1027 2618 1080 2656 10
1114 2614 1373 2670 μυροποιὸν
1405 2614 1558 2670 Bergk
1587 2618 1592 2669 Ι
1621 2612 1806 2667 στράτιν
1831 2614 1865 2655 Ι
1882 2614 1895 2669 ξὶ

211 2675 265 2714 15
300 2671 472 2726 ἔφασκε
506 2669 735 2728 φαντίδης
759 2674 793 2715 Ι
824 2674 837 2727 ΙΙ
880 2675 932 2714 18
965 2670 1116 2723 ξινίου
1148 2675 1182 2717 Ι
1217 2674 1223 2731 Ι
1261 2672 1416 2731 χάρων
1448 2675 1522 2729 ΙΙΙ
1561 2678 1614 2715 24
1647 2673 1895 2727 ἀστρατεύ-

207 2746 306 2780 τοις
342 2732 388 2783 1,
430 2731 774 2786 εὐστρατεύτοις
805 2732 930 2783 ΑΗ,
980 2731 1058 2774 sed
1101 2732 1157 2775 cf.
1201 2732 1249 2776 ἐν
1288 2730 1619 2787 Ἀστρατεύτοις
1656 2746 1699 2786 p.
1728 2734 1847 2783 58‚7
1886 2731 1889 2788 Ι

210 2788 530 2839 ἀτακτοτάτως
562 2791 631 2843 Η,
676 2788 1006 2840 ἀτακτοτάτοις
1037 2792 1103 2843 A,
1144 2789 1433 2834 ἀτακτότατα
1466 2793 1500 2834 Ι
1527 2793 1540 2846 ΙΙ
1576 2795 1631 2832 26
1665 2793 1802 2844 δεῦρο
1835 2789 1892 2845 δὴ

207 2846 459 2948 {Jermanm
493 2850 572 2892 sed
606 2850 661 2892 cf.
697 2848 870 2892 schol.A
893 2864 935 2904 p.
965 2854 1063 2903 215,
1086 2855 1137 2892 15
1167 2850 1172 2909 Ι
1200 2848 1467 2906 προσέσχετε
1500 2850 1749 2901 Hermann,
1782 2864 1893 2903 προ-

228 2912 355 2964 ’σχετε
387 2907 518 2950 codd.
