2090 3158
240 180 311 232 20
430 181 852 223 ΗΦΑΙΣΤΙΩΝΟΣ
883 181 1271 222 ΕΓΧΕΙΡΙΔΙΟΝ
1303 181 1447 222 ΠΕΡΙ
1477 181 1737 224 ΜΕΤΡῼΝ.

352 316 433 383 (5)
467 319 551 388 Τῷ
572 313 633 368 δὲ
659 316 910 387 δακτύλῳ
935 321 1009 387 τῷ
1029 316 1163 367 κατὰ
1196 316 1292 377 τὰς
1321 316 1575 384 περιττὰς
1607 315 1924 383 ἐμπίπτοντι

238 396 416 468 χώρας
463 399 657 466 ἥκιστα
705 399 764 451 οἱ
807 397 1122 464 ἰαμβοποιοὶ
1169 395 1468 466 ἐχρήσαντο
1514 399 1750 466 ποιηταί,
1792 411 1926 450 σπα-

237 482 368 542 νίως
408 477 469 532 δὲ
507 480 596 532 καὶ
630 481 682 533 οἱ
715 481 983 549 τραγικοί,
1025 479 1076 531 οἱ
1110 478 1171 530 δὲ
1201 478 1431 546 κωμικοὶ
1464 488 1707 547 συνεχῶς
1747 480 1927 547 ὥσπερ
1961 483 2058 542 [40]

238 561 328 614 καὶ
383 559 444 613 ἐν
497 567 571 633 τῷ
623 562 854 632 ἰαμβικῷ
911 566 984 631 τῷ
1035 557 1121 611 ἐπὶ
1183 567 1278 628 τῆς
1339 559 1532 628 ἀρτίου
1592 559 1927 630 ἀναπαίστῳ·
1961 569 2016 608 22

195 662 214 695 5
241 640 497 710 ἑκάτερον
544 643 647 712 γὰρ
689 643 914 710 ἄλογον·
963 642 1090 693 οὔτε
1137 641 1240 711 γὰρ
1283 639 1343 693 ἐν
1381 647 1455 713 τῷ
1491 643 1722 712 ἰαμβικῷ
1764 640 1929 710 ἐχρῆν

239 723 581 777 ἀνάπαιστον
621 724 707 776 ἐπὶ
746 731 842 791 τῆς
881 722 1072 791 ἀρτίου
1112 723 1314 790 χώρας,
1352 720 1451 791 ἐφ’
1487 719 1552 791 ἧς
1591 720 1723 776 οὐδὲ
1763 736 1928 775 σπον-

240 805 387 867 δεῖος
433 803 685 874 ἐγχωρεῖ,
733 800 800 858 οὗ
848 805 1007 867 λύσις
1053 803 1201 857 ἐστὶν
1242 804 1270 856 6
1310 804 1661 873 ἀνάπαιστος,
1702 805 1828 858 οὔτε
1867 803 1929 857 ἐν
2011 817 2014 820 ’

237 893 312 958 τῷ
353 893 620 958 τροχαϊκῷ
663 885 750 939 ἐπὶ
805 894 900 954 τῆς
944 895 1196 956 περιττῆς
1242 887 1341 940 τὸν
1387 887 1684 954 δάκτυλον,
1733 884 1812 954 ἐφ’
1865 882 1929 954 ἧς

240 967 372 1020 οὐδὲ
411 970 704 1030 σπονδεῖος
740 967 989 1038 ἐγχωρεῖ,
1031 964 1098 1021 οὗ
1140 969 1340 1035 ὁμοίως
1380 968 1537 1030 λύσις
1577 967 1606 1021 6
1647 968 1927 1030 δάκτυλος.

174 1070 217 1102 10
351 1048 436 1117 (6)
446 1047 567 1101 ’Έτι
584 1049 772 1116 μέντοι
795 1050 887 1102 καὶ
904 1049 966 1103 ἐν
988 1060 1102 1112 τοῖς
1118 1053 1529 1118 καταληκτικοῖς
1554 1049 1644 1102 καὶ
1661 1048 1689 1101 6
1708 1051 1928 1118 τρίβρα-

237 1150 336 1199 χυς
362 1128 605 1199 ἐγχωρεῖ,
622 1130 872 1199 καθάπερ
890 1132 1310 1200 προειρήκαμεν,
1328 1131 1396 1183 οὐ
1421 1132 1598 1197 μόνον
1613 1129 1641 1182 6
1659 1139 1927 1198 τροχαῖος,

239 1212 311 1273 ὥς
350 1231 494 1274 τινες
535 1217 767 1264 οἰόνται·
807 1211 1151 1280 παράδειγμα
1191 1213 1317 1264 τόδε
1357 1209 1443 1282 (fr.
1472 1228 1602 1263 com.
1629 1230 1710 1263 an.
1736 1209 1830 1281 38)

386 1302 498 1345 τῶν
521 1298 762 1346 πολιτῶν
786 1294 992 1362 ἄνδρας
1008 1293 1140 1360 ὑμῖν
1165 1294 1539 1362 δημιουργοὺς
1563 1292 1853 1361 ἀποφανῶ·

238 1381 333 1441 τῆς
372 1375 476 1442 γὰρ
515 1374 866 1436 κατάκλειδος
905 1374 1074 1443 οὔσης
1113 1393 1383 1443 αποφανω
1436 1375 1608 1442 δῆλον
1649 1375 1721 1436 ὡς
1760 1374 1788 1427 6
1828 1391 1929 1426 πα-

173 1477 214 1509 15
241 1456 558 1522 ρακείμενος
581 1456 722 1518 πούς
753 1453 903 1508 ἐστιν
928 1473 1135 1524 αποφα,
1167 1458 1464 1525 τρίβραχυς
1497 1456 1570 1518 ὡς
1595 1457 1928 1525 προείρηται.

1023 1721 1140 1774 VII.

775 1841 937 1910 Περὶ
979 1842 1392 1893 δακτυλικοῦ.

343 1973 373 2039 ζ
368 1974 424 2041 1)
458 1973 528 2025 Τὸ
557 1974 888 2026 δακτυλικὸν
913 1973 1123 2042 δέχεται
1150 1975 1455 2036 δακτύλους
1480 1975 1570 2027 καὶ
1596 1975 1927 2036 σπονδείους

240 2055 375 2106 κατὰ
421 2062 605 2106 πᾶσαν
651 2056 837 2124 χώραν
883 2056 1027 2123 πλὴν
1074 2062 1168 2123 τῆς
1214 2057 1547 2118 τελευταίας·
1596 2055 1683 2108 ε’πὶ
1730 2055 1928 2123 ταύτης
1962 2059 2058 2117 [41]

175 2156 218 2188 20
243 2134 320 2202 δέ,
361 2137 407 2187 εἰ
447 2136 547 2201 μὲν
587 2135 960 2203 ἀκατάληκτον
1010 2142 1118 2204 εἰή,
1166 2137 1440 2190 δάκτυλον
1479 2135 1584 2200 ἕξει
1623 2135 1656 2204 ἢ
1698 2137 1790 2188 διὰ
1827 2137 1928 2204 τὴν

364 2300 415 2338 16
452 2296 511 2338 ad
544 2311 581 2340 ο.
608 2295 693 2338 VII
725 2296 781 2340 cf.
817 2296 987 2340 sohoLB
1025 2311 1061 2340 ο.
1089 2301 1127 2340 9.
1166 2301 1233 2341 13.
1270 2301 1442 2339 16—19

361 2447 387 2484 4
420 2442 499 2485 καὶ
533 2443 600 2500 ἐν]
635 2443 725 2486 κάν
757 2444 859 2496 ΑΙ,
894 2445 974 2487 καὶ
1006 2446 1111 2500 (om.
1146 2443 1212 2499 ἐν)
1245 2446 1331 2500 ΒΗ
1368 2450 1392 2487 5
1426 2444 1513 2500 γὰρ
1545 2445 1594 2487 in
1627 2445 1669 2487 A
1703 2457 1843 2500 supra
1875 2444 1930 2486 li—

242 2515 377 2544 neam
406 2504 410 2557 Ι
440 2502 579 2574 ἐχρῆν
613 2498 808 2561 (εἶναι)
841 2503 913 2546 vel
939 2502 1133 2562 (ἔχειν)
1158 2503 1361 2546 Barbam
1383 2506 1398 2560 Η
1423 2508 1447 2546 6
1483 2503 1558 2547 ἐπὶ
1589 2509 1670 2559 τῆς
1694 2501 1856 2557 ἀρτίου
1891 2504 1928 2557 Ι,

244 2558 317 2602 ἐπ’
357 2558 517 2614 ἀρτίου
551 2562 596 2604 Α
629 2562 695 2617 (in
726 2574 906 2616 rasura,
949 2563 998 2604 in
1039 2576 1131 2617 qua
1175 2562 1287 2605 olim
1326 2563 1461 2618 plura
1492 2563 1708 2618 fuerant),
1744 2562 1885 2606 OPD
1920 2562 1926 2619 Ι

245 2623 271 2661 8
303 2619 384 2662 τὸν
416 2619 520 2662 fort.
557 2620 738 2663 dolend.
775 2623 788 2676 Η
825 2625 879 2663 10
912 2629 1009 2672 τοῖς
1041 2635 1128 2664 om.
1163 2623 1211 2665 D
1247 2625 1251 2678 Ι
1286 2624 1394 2678 post
1425 2624 1776 2677 καταληπτικοῖς
1809 2620 1928 2663 inse-

244 2678 439 2720 rendum
480 2678 662 2722 videtur
695 2679 1046 2752 <παραλήγων>
1093 2680 1149 2723 cf.
1186 2685 1254 2734 18,
1281 2687 1306 2724 3
1366 2682 1370 2736 Ι
1429 2681 1508 2724 καὶ
1541 2680 1771 2736 (alterum)
1803 2679 1852 2721 in
1886 2680 1929 2722 A

246 2750 383 2791 supra
413 2737 586 2781 lineam
618 2740 632 2796 Η
669 2744 719 2781 11
755 2738 778 2781 6
812 2753 899 2782 om.
935 2741 983 2782 D
1006 2741 1021 2795 ΙΙ
1048 2744 1101 2782 14
1134 2739 1433 2790 κατάκλειδος
1465 2741 1510 2783 A
1540 2742 1554 2796 ΙΙ
1589 2744 1641 2782 15
1675 2740 1783 2782 ante
1814 2738 1929 2788 ποὺς

246 2810 351 2854 add.
387 2811 426 2854 εἰ
459 2813 545 2863 D
585 2812 705 2855 ἔστιν
737 2803 902 2867 ἀποφα
860 2803 1081 2866 ᾐΑΒΙ,
1115 2812 1281 2868 ἄποφα
1315 2813 1436 2858 ἐστιν
1469 2815 1526 2857 Η
1576 2815 1581 2868 Ι
1640 2827 1806 2867 αποφα
1838 2811 1926 2854 del

247 2868 518 2926 Studem.1
577 2871 636 2920 ὡς
681 2869 951 2926 προείρηται
991 2885 1078 2915 om
1114 2873 1171 2915 H
1216 2874 1231 2928 Η
1287 2877 1338 2914 17
1372 2873 1477 2926 περὶ
1522 2879 1604 2916 τοῦ
1652 2873 1927 2915 δακτυλικοῦ

246 2927 411 2983 μέτρου
446 2931 478 2971 Ι
504 2933 516 2985 Η
542 2934 597 2972 20
630 2931 907 2973 δακτυλικὸν
941 2931 1010 2984 Ι1
1044 2930 1102 2973 ab
1137 2930 1192 2973 1²
1223 2931 1271 2973 in
1304 2933 1531 2975 δακτυλον
1564 2945 1674 2975 corr.
