2060 3168
260 171 368 223 276
835 173 1068 214 ΣΧΟΛΙΑ
1097 173 1134 212 Β
1167 170 1264 227 (lib.
1289 170 1370 227 111)

257 307 695 375 τετράμετρον
728 306 788 359 δὲ
818 306 1216 373 καταληκτικὸν
1247 307 1308 358 τὸ
1342 308 1687 375 καλούμενον
1714 305 1946 376 Ἀριστο-

259 389 516 458 φάνειον,
564 382 602 460 §f
649 386 739 440 καὶ
771 386 1136 456 Ἀριστόξενος
1174 385 1265 439 καὶ
1299 385 1628 457 Ἐπίχαρμος
1667 387 1758 441 καὶ
1797 390 1946 458 Κρα-

257 478 407 532 τῖνος
446 468 763 538 ἐχρήσαντο,
803 469 863 521 τὸ
905 466 1092 538 (Arist.
1116 467 1260 520 Nub.
1285 467 1418 539 962)

408 549 484 603 ὅτ’
526 549 631 619 ἐγὼ
673 551 737 602 τὰ
778 551 964 601 δίκαια
1004 548 1180 617 λέγων
1218 550 1439 616 ἤνθουν
1476 549 1566 603 καὶ
1607 551 1945 620 σωφροσύνη

215 656 234 688 5
1322 633 1612 699 νενόμιστο
1627 629 1722 702 (=
1734 629 1945 702 Heph.).

260 713 656 765 ἀναπαιστικὸν
704 708 764 763 δὲ
811 711 1197 780 τετράμετρον,
1249 713 1308 765 τὸ
1359 713 1451 764 διὰ
1488 717 1946 781 προκελευσματι-

259 802 355 862 κῆς
417 792 686 855 ἐκλύσεως
745 801 857 845 τῶν
920 792 1271 845 ἀναπαίστων
1332 796 1652 862 γινόμενον,
1717 794 1828 846 ἐστὶ
1886 795 1946 846 τὸ

261 874 687 944 Ἀριστοφάνους
728 871 813 944 (fr.
840 872 972 944 698)
1013 874 1073 926 τὸ

407 960 488 1018 τίς
513 957 643 1024 ὄρεα
668 955 962 1024 βαθύκομα
986 954 1114 1007 τάδ’
1131 954 1358 1008 ἐπέσυτο
1385 959 1601 1024 βροτῶν
1619 954 1719 1027 (=
1735 955 1947 1027 Heph).

194 1063 237 1095 10
357 1035 512 1089 ’Ἐστι
554 1036 615 1088 δὲ
653 1034 743 1088 καὶ
785 1037 1214 1103 λογαοιδικὸν
1253 1036 1671 1105 ἀναπαιστικόν,
1717 1038 1848 1108 ὅπερ
1887 1036 1950 1090 ἐν

259 1118 361 1186 μὲν
398 1126 516 1179 ταῖς
556 1118 746 1179 ἄλλαις
783 1118 985 1186 χώραις
1024 1119 1152 1180 τοὺς
1192 1117 1394 1180 αὐτοὺς
1436 1118 1738 1188 ἐπιδέχεται
1777 1120 1950 1182 πόδας

261 1206 333 1272 τῷ
376 1199 748 1270 ἀναπαιστικῷ
789 1203 1035 1270 καθαρᾷ,
1084 1197 1144 1250 ἐν
1191 1199 1252 1251 δὲ
1299 1207 1373 1270 τῷ
1423 1199 1564 1252 τέλει
1613 1202 1813 1268 ἴαμβον
1858 1198 1949 1252 καὶ

261 1282 543 1349 συλλαβὴν
591 1280 926 1348 ἀδιάφορον,
979 1279 1263 1332 τουτέστιν
1312 1280 1344 1348 ἢ
1392 1283 1651 1350 βακχεῖον
1701 1282 1733 1350 ἢ
1784 1281 1949 1350 ἀμφί-

260 1365 488 1431 βραχυν.
565 1359 680 1414 ἔστι
729 1358 789 1413 δὲ
837 1359 1235 1429 ἐπισημότατον
1283 1362 1456 1415 αὐτοῦ
1496 1364 1556 1415 τὸ
1606 1363 1950 1431 καλούμενον

196 1471 237 1502 15
264 1443 694 1512 Άρχεβούλειον,
744 1435 786 1514 ᾧ
833 1441 922 1494 καὶ
963 1445 1314 1512 Καλλίμαχος
1353 1443 1640 1513 ἐχρήσατο,
1688 1446 1815 1513 ἔχον
1853 1446 1951 1497 τὸν

261 1534 480 1595 πρῶτον
518 1525 663 1577 πόδα
703 1522 1044 1577 ἀνάπαιστον
1083 1524 1116 1592 ἢ
1157 1526 1455 1577 σπονδεῖον
1493 1526 1525 1594 ἢ
1567 1528 1782 1594 ἴαμβον,
1821 1528 1951 1588 τοὺς

263 1604 322 1659 δὲ
363 1605 556 1674 ἐφεξῆς
594 1607 801 1668 πάντας
840 1605 1229 1672 ἀναπαίστους,
1270 1599 1392 1658 οἷον
1433 1605 1666 1676 (Gallim.
1695 1605 1823 1678 146)

411 1686 585 1756 ἀγέτω
625 1689 778 1749 θεός·
820 1686 886 1739 οὐ
928 1688 1031 1757 γὰρ
1073 1686 1178 1755 ἐγὼ
1220 1688 1346 1756 δίχα
1384 1687 1558 1740 τῶνδ’
1598 1687 1817 1741 ἀείδειν.
1983 1695 2054 1750 (17

411 1769 621 1837 νύμφα,
662 1770 731 1820 σὺ
771 1765 872 1836 μὲν
912 1769 1169 1838 ἀστερίαν
1207 1768 1310 1822 ὑπ’
1348 1769 1557 1836 ἄμαξαν
1596 1771 1716 1838 ἤδη.

197 1881 239 1911 20
411 1849 687 1918 φιλωτέρα
715 1850 838 1918 ἄρτι
870 1850 974 1919 γάρ
1000 1851 1052 1902 οἱ
1079 1851 1284 1902 Σικελὰ
1307 1851 1407 1919 μὲν
1426 1849 1599 1903 ’Ἐννα
1623 1849 1716 1921 (=
1735 1848 1947 1921 Heph.).

266 1931 325 1983 ἐν
369 1941 484 1993 τοῖς
531 1932 623 1984 διὰ
669 1930 839 1997 μέσου
885 1930 1072 1998 μέντοι
1119 1930 1477 1994 ἀναπαίστοις
1517 1931 1545 1984 ὁ
1587 1931 1817 1997 Ἀλκμὰν
1855 1930 1945 1983 καὶ

266 2014 595 2075 σπονδείους
633 2013 1062 2082 παραλαμβάνει.

387 2178 409 2216 7
443 2173 723 2224 διαλύσεωςῗ
755 2172 974 2215 Hoersch.
1005 2175 1010 2230 Ι
1037 2172 1109 2230 τὸ]
1140 2179 1222 2216 τοῦ
1253 2173 1281 2215 lc
1304 2175 1318 2229 ΙΙ
1344 2176 1397 2215 15
1432 2172 1545 2228 ἔχων
1580 2173 1656 2228 ΥΙΙ
1682 2177 1736 2215 18
1771 2173 1857 2229 ἐγὼ
1890 2175 1948 2228 R,

268 2232 352 2289 ἔχω
384 2231 481 2276 rell.
508 2235 522 2288 Η
547 2236 602 2275 20
636 2230 699 2290 οἱ]
727 2231 755 2287 ἡ
784 2232 830 2274 Y
855 2236 940 2286 (19.
976 2236 1030 2274 20
1065 2246 1150 2275 om.
1178 2233 1240 2288 Z)
