2090 3158
859 152 1194 194 PRAEFATIO
1723 151 1874 194 XXIII

179 293 234 340 in
256 291 587 352 Dionysiacae
611 289 898 352 appendicis
922 290 1203 339 recensione
1230 289 1557 338 Saibantiana
1589 307 1635 352 p.
1664 292 1787 351 309,
1803 292 1869 340 23

182 369 231 413 et
276 366 331 412 in
377 364 647 426 appendice
693 365 941 412 rhetorica
979 381 1026 426 p.
1062 365 1191 426 342,
1220 366 1311 424 13,
1359 366 1454 412 etsi
1498 365 1661 426 praeit
1696 365 1872 412 iambi-

182 455 311 498 cum,
343 439 527 487 dicitur
556 437 609 487 τὸ
643 437 875 503 ἰαμβικὸν
907 435 1081 502 μέτρον
1112 436 1211 486 ἔστι
1242 436 1504 501 ἑξάμετρον
1538 436 1635 486 καὶ
1668 433 1871 501 ocii-ctist)

182 512 322 569 Quod
370 529 670 575 quamquam
724 515 855 560 recte
908 512 1057 572 dixit,
1110 515 1278 560 tamen
1328 529 1390 559 ne
1436 528 1543 559 rem
1587 514 1872 561 intricatam

180 587 538 635 intricatiorem
577 586 845 647 redderem,
885 585 1108 634 ordinem
1145 587 1199 633 in
1230 585 1513 634 recensio‘ne
1547 586 1874 634 Saibantiana

181 677 334 723 quam
380 664 581 723 excepto
630 662 791 722 capite
846 662 1007 722 primo
1057 661 1311 722 amplexus
1358 676 1467 708 sum
1512 661 1754 708 traditum
1798 677 1870 709 re-

182 737 326 783 tinui.

290 809 343 856 II
391 809 567 856 Melior
606 808 759 857 editio
797 808 944 856 huius
983 808 1123 869 libri,
1161 809 1260 856 nisi
1301 808 1433 870 quod
1472 808 1609 856 deest
1647 812 1796 870 caput
1834 809 1873 870 Ι,

181 885 366 945 scripta
412 886 487 931 est
532 885 586 930 in
631 882 879 930 codicibus
925 897 1090 929 rerum
1135 884 1454 930 metricarum
1504 885 1614 930 arta
1652 884 1785 930 inter
1822 898 1874 931 se

181 959 474 1020 cognatione
521 958 796 1005 coniunctis
843 956 1073 1004 Parisino
1115 958 1254 1005 2881
1306 957 1391 1005 fol.
1435 950 1769 1022 63v—69v2)
1826 959 1877 1005 et
1906 957 1954 1003 P

181 1031 505 1079 Saibantiano
544 1031 685 1079 Bodl.
719 1031 759 1077 Τ
791 1030 863 1077 IV
898 1032 927 1078 9
969 1031 1052 1079 fol.
1090 1031 1371 1078 54v—59v.
1455 1031 1658 1079 Inerant
1703 1031 1875 1078 eadem
1903 1032 1942 1078 S

181 1107 301 1153 olim
338 1107 391 1152 in
430 1105 552 1152 Ven.
585 1105 840 1153 Marciano
874 1105 979 1152 483
1016 1098 1137 1170 (K),
1178 1121 1235 1152 ex
1275 1121 1372 1167 quo
1411 1107 1549 1152 totus
1584 1104 1624 1152 S
1660 1104 1873 1166 descrip—
1897 1106 1955 1152 K

180 1182 261 1228 tus
300 1183 396 1241 est,
445 1179 530 1228 sed
577 1180 828 1227 nonnullis
868 1178 1277 1241 quaternionibus
1324 1182 1439 1241 post
1478 1179 1560 1227 fol.
1596 1179 1664 1226 63
1705 1179 1873 1240 deper-

181 1253 298 1302 ditis
350 1269 482 1301 nunc
536 1255 590 1300 in
645 1253 749 1301 solo
805 1253 1093 1316 apographo
1140 1253 1390 1317 leguntur.
1477 1252 1653 1314 Capita
1707 1256 1873 1301 tamen

180 1327 399 1374 VI—IX
440 1320 509 1392 (p.
546 1321 862 1393 318—328)
910 1327 988 1375 bis
1038 1329 1092 1374 in
1129 1328 1187 1374 K
1227 1329 1413 1388 scripta
1460 1328 1744 1375 etiamnunc
1781 1327 1872 1374 ibi-

181 1403 292 1450 dem
337 1404 391 1449 in
429 1402 514 1450 fol.
551 1403 883 1449 1461—1511
927 1401 1270 1461 inveniuntur,
1320 1401 1450 1448 unde
1500 1401 1578 1449 his
1626 1402 1873 1462 capitibus

181 1477 563 1537 discrepantiam
618 1475 872 1537 adscripsi.
921 1502 994 1508 —
1046 1474 1208 1523 Codex
1254 1475 1294 1522 S
1344 1490 1401 1524 eo
1456 1476 1748 1536 conspicuus
1800 1478 1875 1523 est

182 1550 314 1611 quod
382 1550 515 1598 solus
585 1551 802 1597 servavit
872 1552 920 1596 et
987 1549 1191 1596 iambici
1259 1549 1603 1610 explicationis
1670 1551 1871 1597 initium

180 1641 226 1685 p.
255 1626 375 1684 309,
395 1624 666 1683 22—310‚
686 1625 754 1670 20
795 1625 845 1671 et
882 1623 1256 1684 inscriptionem
1295 1624 1416 1671 satis
1448 1639 1650 1686 gravem
1682 1621 1872 1689 ἐγράφη

180 1696 233 1746 ἐκ
271 1700 482 1746 παλαιοῦ
522 1696 721 1761 βιβλίου
759 1694 1063 1762 περιέχοντος
1102 1695 1193 1760 τὴν
1231 1695 1570 1762 γραμματικὴν
1602 1698 1873 1746 Διονυσίου

183 1766 266 1835 (cf.
301 1773 423 1832 311,
452 1770 520 1834 7).
601 1770 831 1818 Ceterum
877 1771 999 1819 adeo
1049 1771 1272 1819 bonitate
1321 1787 1350 1818 a
1389 1771 1555 1819 codice
1592 1772 1641 1818 P
1674 1787 1872 1834 supera-

179 1849 276 1907 tur,
307 1847 365 1892 ut
394 1847 446 1892 in
479 1848 728 1906 apparatu
758 1845 922 1893 locum
953 1861 1052 1892 non
1083 1845 1278 1893 habeat.
1305 1871 1374 1878 —
1400 1845 1587 1893 Pedum
1619 1861 1871 1894 enumera-

180 1919 367 1967 tionem
413 1935 459 1981 p.
504 1920 794 1967 307—309
845 1935 903 1966 ex
949 1919 1219 1981 appendice
1267 1919 1554 1968 Monacensi
1602 1920 1872 1983 praefigere

180 1994 345 2041 nullus
386 1993 636 2055 dubitavi,
677 1994 860 2055 quippe
901 2009 1027 2055 quae
1074 1994 1246 2055 procul
1287 1993 1436 2041 dubio
1482 1993 1677 2054 antiqui
1714 1994 1874 2041 libelli

179 2083 294 2130 pars
342 2068 504 2130 prima
542 2067 706 2115 fuerit.
784 2067 972 2115 Eadem
1009 2067 1062 2114 in
1100 2069 1159 2115 K
1190 2067 1274 2115 fol.
1312 2068 1648 2115 151V—1521
1686 2061 1811 2133 (AV
1848 2067 1874 2115 I

181 2159 226 2203 p.
257 2135 386 2208 188)
419 2157 500 2189 eos
533 2140 910 2189 commentarios
949 2143 1187 2203 sequitur,
1219 2157 1340 2204 quos
1373 2159 1419 2204 p.
1447 2143 1569 2203 355,
1588 2143 1871 2202 3—356‚4

182 2215 335 2276 edidi3
374 2216 488 2262 inde
529 2215 711 2263 codicis
750 2215 809 2262 K
840 2216 1075 2264 lectiones
1115 2215 1411 2278 deprompsi.

291 2334 631 2396 Appendix
682 2334 1018 2381 rhetorica
1063 2335 1193 2382 inest
1241 2336 1295 2382 in
1341 2334 1505 2382 codice
1557 2334 1871 2382 celeberrimo

181 2407 291 2455 Par.
320 2408 460 2455 1983
495 2423 530 2455 s.
556 2408 601 2454 X
632 2408 716 2455 fol.
745 2409 903 2467 3—4‚
944 2408 1002 2455 de
1035 2423 1131 2470 quo
1171 2408 1338 2456 docuit
1377 2424 1465 2456 nos
1506 2407 1871 2456 Studemundus

180 2482 234 2528 in
279 2481 459 2529 Annal.
499 2481 619 2542 phil.
657 2483 754 2529 131
802 2474 994 2547 (1885)
1043 2499 1090 2544 p.
1135 2483 1253 2530 753.
1298 2484 1400 2530 757
1421 2497 1547 2544 sqq.,
1595 2485 1645 2529 et
1694 2483 1746 2529 in
1794 2498 1871 2530 co-

182 2555 287 2603 dice
325 2556 382 2602 K
421 2557 523 2603 iam
569 2571 716 2617 saepe
756 2556 959 2603 laudato
998 2556 1083 2603 fol.
1118 2557 1350 2603 64—67.
1427 2556 1562 2604 Inest
1600 2557 1651 2603 in
1691 2558 1871 2604 misera

303 2713 345 2767 1)
378 2710 467 2763 Qui
505 2710 678 2754 librum
710 2710 751 2753 V
784 2710 955 2754 schol.B
983 2711 1194 2755 condidit
1226 2714 1278 2754 ut
1311 2714 1412 2755 erat
1450 2712 1589 2755 homo
1625 2711 1753 2755 haud
1785 2712 1869 2754 im-

184 2771 387 2826 prudens
420 2769 565 2814 verba
595 2769 680 2812 illa
712 2770 897 2813 delevit.

301 2831 344 2884 2)
385 2827 451 2872 Cf.
485 2829 543 2872 de
581 2828 669 2872 hoc
709 2842 849 2885 supra
881 2844 926 2885 p.
958 2828 1022 2872 IX
1061 2831 1109 2873 et
1141 2828 1278 2873 GGA
1314 2834 1425 2874 1887
1459 2845 1503 2887 p.
1531 2834 1639 2883 606,
1681 2830 1738 2874 de
1772 2829 1867 2873 Sai-

185 2887 409 2931 bantiano
441 2888 554 2931 ibid.
583 2892 667 2931 604
683 2903 748 2944 sq.
