2090 3158
168 604 187 636 5

150 1056 192 1087 10

152 1535 193 1567 15

153 1944 195 1975 20

210 124 242 175 8
409 123 832 166 ΗΦΑΙΣΤΙῼΝΟΣ
863 125 1255 167 ΕΓΧΕΪΡΙΔΙΟΝ
1285 126 1431 166 ΠΕΡΙ
1460 123 1720 166 ΜΕΤΡῼΝ.

395 258 652 328 Νέστορα
699 257 759 311 δ’
798 259 900 311 οὐκ
950 256 1154 311 ἔλαθεν
1206 260 1329 328 ἰαχὴ
1381 259 1616 312 πίνοντα
1660 276 1762 328 περ
1811 255 1902 326 ἔμ-

1318 357 1423 408 πης
1463 338 1538 410 (Ξ
1575 337 1649 410 1),

395 420 533 474 ἀλλὰ
570 421 636 473 τά
674 419 735 489 γ’
766 421 1015 490 ἄσπαρτα
1046 421 1135 472 καὶ
1168 420 1410 491 ἀνήροτα
1446 421 1625 474 πάντα
1664 421 1903 490 φύονται
1938 432 1991 472 10

1325 500 1371 572 (ι
1415 499 1563 573 109),

398 582 488 636 καὶ
528 583 630 652 μέν
669 584 722 635 οἱ
763 583 963 635 Λύκιοι
1001 582 1224 650 τέμενος
1262 584 1438 652 τάμον
1477 581 1550 654 (Ζ
1593 581 1739 654 194).

213 664 458 718 ἐνταῦθα
499 663 589 717 καὶ
638 666 715 726 εἰς
754 664 919 734 μέρος
959 666 1128 732 λόγου
1167 664 1199 732 ἡ
1239 666 1397 732 κοινὴ
1446 662 1634 733 ἔληξεν
1675 664 1766 716 καὶ
1804 671 1904 717 τοῦ
1938 673 2036 731 [18]

213 747 385 808 ποδὸς
431 748 714 799 τελευταιά
762 745 934 799 ἐστίν·
980 746 1036 798 αἱ
1076 746 1181 815 γὰρ
1223 747 1383 798 ἄλλαι
1422 744 1606 799 κοιναὶ
1646 745 1708 807 ἃς
1749 741 1906 798 εἶπον

214 827 464 898 ἄρκτικαὶ
503 827 676 890 ποδὸς
714 822 880 895 ἦσαν,
921 827 1056 895 αὕτη
1097 824 1158 880 δὲ
1196 826 1287 880 καὶ
1326 834 1426 880 τοῦ
1465 828 1634 890 ποδὸς
1682 830 1905 896 ληκτική

215 910 330 979 [aaz
370 909 513 978 μῖεῖῆ.

1025 1033 1091 1086 Π.

669 1151 834 1222 Περὶ
875 1155 1446 1221 συνεκφωνήσεως.

327 1271 409 1340 (1)
442 1272 880 1340 Συνεκφώνησίς
905 1270 1070 1339 ἐστιν,
1104 1270 1308 1324 ὁπόταν
1341 1271 1442 1324 δύο
1478 1269 1743 1339 συλλαβαὶ
1773 1271 1907 1339 σύμ-

217 1373 411 1422 φωνον
457 1354 528 1421 μὴ
576 1354 800 1421 ἔχουσαι
846 1353 1043 1419 μεταξὺ
1095 1351 1348 1420 ἀλλήλων
1395 1351 1517 1405 ἀντὶ
1564 1361 1690 1419 μιᾶς
1736 1370 1908 1420 παρα-

217 1437 491 1504 ληφθῶσι.

365 1516 452 1585 (2)
497 1517 703 1585 Τρόποι
745 1513 811 1567 δέ
845 1515 952 1567 εἰσι
990 1522 1085 1582 τῆς
1126 1518 1595 1584 συνεκφωνήσεως
1635 1515 1772 1567 οἵδε·
1941 1515 2040 1574 [19]

217 1597 393 1680 ἣκγὰρ
435 1598 538 1650 δύο
585 1597 786 1666 μακραὶ
828 1597 906 1658 εἰς
951 1598 1084 1664 μίαν
1121 1597 1337 1665 μακρὰν
1383 1596 1906 1666 παραλαμβάνονται

219 1699 340 1732 οιον

365 1758 397 1827 ἢ
441 1759 540 1828 οὐχ
581 1760 702 1822 ἅλις
742 1759 857 1812 ὅττι
897 1769 1164 1827 γυναῖκας
1204 1759 1501 1822 ἀνάλκιδας
1542 1759 1617 1830 (E
1654 1757 1786 1829 349)

218 1861 309 1893 και

367 1921 603 1990 βουκόλ’
641 1921 755 1975 ἐπεὶ
796 1923 922 1975 οὔτε
961 1928 1108 1994 κακῷ
1144 1920 1202 1993 (υ
1241 1920 1396 1993 227)-

219 2003 252 2072 ἢ
291 2006 518 2073 βραχεία
557 2002 648 2056 καὶ
686 2005 866 2072 μακρὰ
906 2005 982 2066 εἰς
1021 2006 1153 2072 μίαν
1191 2005 1406 2073 μακρὰν

342 2168 363 2205 1
399 2163 455 2206 ef.
489 2163 699 2206 Diomed.
725 2163 745 2206 I
771 2169 872 2217 429,
898 2168 966 2206 27.
993 2167 1006 2221 Η
1034 2168 1087 2207 10
1121 2164 1194 2206 ad.
1229 2178 1327 2220 cap.
1353 2164 1395 2206 II
1427 2164 1482 2207 cf.
1518 2164 1658 2208 schol.
1693 2164 1742 2207 in
1774 2163 1909 2207 Dion.

221 2222 382 2266 Thrac.
412 2226 512 2275 210,
540 2227 757 2277 14-211,
784 2228 826 2276 2,
852 2223 1022 2266 sch01.1³
1058 2238 1094 2266 ο.
1125 2228 1192 2266 16.
1221 2227 1288 2266 17.
1341 2223 1553 2267 Eustath.
1583 2224 1701 2267 adA
1727 2229 1748 2266 1
1775 2239 1820 2280 p.
1842 2228 1911 2275 11,

222 2286 410 2324 26—45.
463 2286 531 2335 10,
557 2287 613 2324 40
632 2297 729 2337 sqq.
786 2282 862 2324 Ar.
899 2282 1054 2335 Quint.
1089 2288 1160 2334 33,
1188 2287 1314 2325 1-6.
1370 2282 1482 2326 Mar.
1510 2282 1630 2326 Vict.
1656 2283 1712 2326 VI
1737 2287 1807 2336 66,
1834 2287 1910 2335 18;

222 2354 278 2383 ex
308 2341 489 2396 graecis
523 2341 914 2384 commentariolis
948 2355 984 2385 e.
1005 2357 1047 2397 g.
1074 2342 1194 2385 AVI
1219 2346 1318 2385 240.
1354 2346 1451 2385 244.
1500 2343 1585 2385 Α11.
1612 2341 1767 2384 Ambr.
1794 2341 1910 2385 ibid.

222 2404 415 2455 213sqq.
465 2402 478 2454 ΙΙ
527 2405 700 2442 12-14
733 2400 876 2443 schol.
909 2400 958 2442 111
989 2400 1123 2444 Ι)1011.
1158 2401 1318 2444 Thrac.
1348 2405 1447 2457 352,
1483 2406 1654 2444 11—-12
1703 2404 1716 2458 ΙΙ
1765 2405 1819 2444 18
1853 2401 1910 2444 cf.

221 2458 320 2501 AV
344 2459 364 2500 I
392 2463 489 2513 177,
516 2464 584 2502 20.
637 2464 735 2514 184,
762 2465 800 2502 9.
836 2460 1007 2503 Schol.¹³
1034 2465 1104 2514 21,
1132 2465 1199 2504 19.

343 2581 368 2619 5
403 2577 503 2634 ἔξοχ
509 2594 538 2619 α
584 2593 774 2620 παντων
822 2578 927 2620 add
962 2579 1009 2632 Ι,
1059 2578 1139 2620 sed
1188 2592 1261 2634 ap.
1310 2578 1443 2622 Hom.
1493 2577 1653 2651 ἔξοχον
1702 2577 1851 2621 ἄλλων
1897 2577 1913 2635 Η

225 2640 250 2677 6
283 2635 478 2678 καὶ..
516 2640 538 2677 7
566 2634 707 2693 ἐστίν]
734 2637 813 2679 καὶ
845 2637 910 2686 εἰς
940 2635 1359 2693 πόδα.81311ᾱο111.11
1387 2643 1409 2680 7
1444 2635 1567 2681 ἐστίν
1599 2637 1778 2693 scripsi,
1812 2637 1911 2692 ἔλη-

224 2694 300 2746 ξεν
330 2694 478 2747 codd„
511 2711 569 2749 ην
588 2695 774 2738 Wilam.
801 2697 816 2751 ΙΙ
841 2700 865 2737 9
899 2713 978 2738 και
1002 2702 1087 2751 μεν
1114 2696 1263 2740 delevi
1296 2696 1371 2752 (cf.
1399 2696 1539 2739 schol
1545 2697 1573 2722 A
1605 2697 1671 2745 εἰς
1697 2695 1748 2739 τὸ
1773 2697 1873 2751 μεῖ)
1899 2698 1912 2751 ΙΙ

227 2758 278 2796 17
307 2750 406 2796 οἷον
432 2712 556 2807 AD,
583 2756 643 2803 ὡς
666 2754 716 2797 τὸ
743 2756 775 2797 Ι
793 2756 806 2809 ΙΙ
834 2760 887 2797 18
913 2750 940 2807 ἧ
967 2756 1012 2798 Α
1040 2758 1044 2810 Ι
1073 2756 1376 2810 ’ὑπεροπεύεις
1404 2755 1509 2797 add.
1536 2757 1584 2808 I,
1609 2754 1913 2810 ἠπεροπεύεις

224 2812 356 2854 Hom.
383 2815 396 2863 4
421 2817 476 2854 20
511 2811 608 2855 οὔτ’
646 2812 821 2868 ἄφρονι
862 2814 981 2868 φωτὶ
1026 2814 1181 2864 ἔοικας
1213 2815 1317 2857 add.
1353 2816 1386 2857 Ι
1433 2817 1447 2870 ΙΙ
1501 2818 1554 2856 21
1588 2815 1710 2886 post
1727 2829 1912 2869 μακραν

226 2871 332 2914 add.
365 2872 399 2913 I
424 2870 598 2927 ,ἐπειδὴ
640 2879 756 2928 νῆας
786 2887 834 2915 τε
867 2873 944 2915 καὶ
978 2872 1284 2927 ἑλλήσποντον
1318 2872 1494 2917 ικοντοι
1535 2874 1613 2916 καὶ
1646 2870 1786 2916 πάλιν
