2090 3158
222 171 291 223 68
852 170 1276 212 ΗΦΑΙΣΤΙῼΝΟΣ

332 306 412 374 (5)
450 306 605 358 Κατὰ
641 305 946 373 περικοπὴν
985 303 1050 356 δέ
1085 303 1235 357 ἐστιν
1274 303 1659 374 ἀνομοιομερῆ,
1700 305 1904 358 ὁπόταν
1938 312 1939 316 ’

222 386 516 455 ἐκθέμενος
547 386 575 439 ὁ
608 387 833 454 ποιητὴς
865 385 1042 439 ὁπόσα
1075 387 1276 454 δήποτε
1309 387 1623 455 συστήματα
1663 388 1905 457 διάφορα

221 467 463 538 ἐπαγάγῃ
504 466 562 520 ἐκ
600 477 712 519 τῶν
751 467 934 519 αὐτῶν
973 468 1332 534 συστημάτων
1372 476 1726 521 συνεστῶσαν
1755 474 1904 538 περι-

219 550 420 616 κοπήν,
477 549 614 600 ὥστε
668 548 733 599 τὰ
787 543 888 613 μὲν
934 546 995 599 ἐν
1042 545 1266 618 ἑκατέρα
1313 547 1345 616 ἢ
1393 547 1589 618 ἑκάστῃ
1637 550 1908 619 περικοπῇ

154 653 174 684 5
222 631 534 696 συστήματα
582 627 813 696 ἀνόμοια
859 622 1002 681 εἶναι
1049 628 1328 697 ἀλλήλοις,
1377 630 1472 692 τὰς
1510 630 1571 682 δὲ
1591 631 1907 700 ’περικοπὰς

223 708 533 779 ἀμφοτέρας
573 709 831 776 ἀλλήλαις
871 708 1063 778 ὁμοίας
1102 710 1134 779 ἢ
1173 711 1364 773 πάσας.

333 792 413 859 (6)
447 791 784 844 Ἀντιθετικὰ
826 789 889 843 δέ
925 790 1099 859 ἐστιν,
1139 791 1346 844 ὁπόταν
1386 791 1414 844 ὁ
1453 793 1682 860 ποιητὴς
1720 792 1906 862 γράφῃ

221 873 391 926 ὁπόσα
425 874 624 940 δήποτε
656 876 802 924 κῶλα
835 872 954 941 [ὡς]
988 873 1224 939 ἀνόμοια
1257 874 1346 926 καὶ
1380 874 1452 936 ὡς
1482 875 1757 943 βούλεται,
1791 871 1905 927 εἶτα

220 954 433 1006 τούτων
471 953 760 1025 ἀνταποδῷ
794 959 868 1025 τῷ
902 950 1004 1022 μὲν
1042 958 1332 1026 τελευταίῳ
1373 956 1433 1008 τὸ
1465 965 1702 1024 πρῶτον,
1742 964 1808 1028 τᾷ
1844 953 1905 1008 δὲ
1933 961 2060 1019 [128]

156 1058 197 1089 10
223 1034 459 1105 δευτέρῳ
501 1034 605 1087 ἀπὸ
638 1034 830 1096 τέλους
861 1035 920 1087 τὸ
955 1035 1235 1105 δεύτερον,
1267 1036 1355 1089 καὶ
1389 1036 1532 1089 οὕτω
1564 1038 1743 1090 πάντα
1773 1038 1910 1090 κατὰ

221 1117 319 1169 τὸν
366 1117 535 1169 αὐτὸν
583 1118 764 1184 λόγον.
841 1123 1005 1169 τοῦτο
1053 1113 1113 1169 δὲ
1160 1118 1221 1171 τὸ
1272 1114 1418 1180 εἶδος
1463 1120 1611 1188 παρὰ
1656 1118 1757 1185 μὲν
1795 1127 1910 1181 τοῖς

220 1201 473 1260 παλαιοῖς
512 1198 892 1250 σπανιώτατόν
932 1196 1065 1266 ἐστι,
1104 1199 1251 1268 παρὰ
1291 1199 1352 1252 δὲ
1396 1201 1568 1270 Σιμία
1613 1206 1682 1272 τᾷ
1720 1197 1909 1271 Ῥοδίῳ

222 1277 371 1331 ἐστὶν
411 1279 553 1332 οὕτω
594 1277 931 1346 πεποιημένα
973 1278 1033 1331 ἐν
1071 1286 1144 1351 τῷ
1180 1279 1600 1352 ἐπιγραφομένῳ
1641 1280 1773 1353 Ώιῷ.

331 1360 418 1428 (7)
450 1361 669 1413 Μικτὸν
709 1359 773 1412 δέ
811 1359 924 1412 ἐστι
963 1361 1100 1412 κατὰ
1131 1360 1319 1430 σχέσιν
1356 1365 1578 1430 ποίημα,
1621 1361 1681 1414 ἐν
1720 1355 1761 1434 ᾧ
1796 1361 1910 1415 ἐστι

158 1462 199 1495 15
223 1440 356 1511 μέρη
404 1442 552 1509 τινά,
601 1442 737 1505 ἅπερ
785 1438 996 1509 ἔφαμεν
1043 1438 1186 1495 εἶναι
1233 1450 1332 1496 τοῦ
1371 1444 1507 1495 κατὰ
1546 1443 1733 1512 σχέσιν
1772 1445 1910 1512 εἴδη,

225 1515 345 1575 οἷον
393 1525 559 1590 λόγου
607 1523 770 1591 χάριν
815 1524 877 1574 τό
924 1543 982 1576 τε
1030 1523 1300 1596 ε’πῳδικὸν
1345 1525 1435 1577 καὶ
1481 1525 1541 1577 τὸ
1588 1526 1910 1597 μεσῳδικόν.

337 1604 367 1671 (
361 1607 395 1655 8
388 1605 418 1671 )
431 1605 644 1657 Κοινὸν
662 1605 695 1656 δ
700 1603 728 1656 ε’
739 1602 853 1656 ἐστι
869 1606 1005 1657 κατὰ
1019 1605 1206 1674 σχέσιν
1223 1607 1283 1659 τὸ
1300 1606 1402 1658 δύο
1417 1605 1767 1675 [συστήμασιν]
1782 1606 1911 1659 ὑπο-

224 1688 526 1753 πεπτωκός,
573 1685 822 1754 καθάπερ
870 1686 930 1737 τὸ
971 1696 1191 1754 πρῶτον
1230 1685 1605 1753 Ἀνακρέοντος
1646 1681 1788 1758 ᾆσμα
1827 1685 1910 1758 (1)

300 1776 609 1842 γουνοῦμαί
647 1773 722 1842 σ’,
763 1772 1086 1843 ἐλαφηβόλε,

159 1877 202 1907 20
300 1853 476 1922 ξανθὴ
516 1864 614 1907 παῖ
651 1857 808 1923 Διός,
848 1854 1057 1925 ἀγρίων
1945 1865 1999 1905 70

375 1935 629 1989 δέσποιν’
654 1933 864 2006 Ἄρτεμι
903 1942 1099 2007 θηρῶν

225 2024 313 2076 καὶ
353 2025 417 2076 τὰ
459 2023 590 2093 ἑξῆς.
666 2026 800 2077 κατὰ
846 2022 947 2094 μὲν
985 2026 1089 2096 γὰρ
1130 2027 1231 2094 τὴν
1269 2034 1377 2079 νῦν
1415 2025 1637 2080 ἔκδοσιν
1676 2027 1909 2080 ὀκτάκω-

227 2107 319 2166 λός
360 2105 508 2157 ἐστιν
547 2106 579 2173 ἡ
620 2109 850 2174 στροφή,
889 2105 980 2159 καὶ
1011 2108 1072 2159 τὸ
1114 2102 1260 2177 ᾆσμά
1299 2107 1413 2161 ἐστι
1451 2111 1910 2177 μονοστροφικόν.

228 2187 458 2238 δύναται
507 2183 567 2238 δὲ
614 2186 703 2239 καὶ
752 2185 945 2255 ἑτέρως
993 2189 1331 2258 διαιρεῖσθαι
1371 2195 1448 2252 εἷς
1486 2210 1543 2242 τε
1582 2190 1779 2258 τριάδα
1817 2190 1904 2242 καὶ

162 2288 203 2320 25
228 2267 466 2319 πεντάδα
506 2268 538 2335 ἡ
579 2270 808 2336 στροφή,
848 2269 986 2320 ὥστε
1029 2271 1425 2340 Φερεκράτειον
1466 2268 1606 2323 εἶναι
1639 2272 1698 2323 τὸ
1730 2275 1911 2323 τελευ-
1937 2276 2064 2334 [129]

351 2432 367 2467 1
417 2424 608 2483 συζυγία
650 2427 769 2470 κατὰ
811 2428 1070 2484 περικοπὴν
1114 2429 1452 2485 ἀνομοιομερής
1494 2430 1635 2473 schol.
1674 2430 1908 2486 Aristoph.

232 2484 446 2541 (Heliod.)
479 2485 592 2528 Aah.
620 2491 717 2529 971.
774 2486 878 2529 Pac.
909 2492 1033 2530 1127.
1091 2488 1202 2532 Mar.
1231 2488 1350 2532 Victa.
1379 2488 1440 2532 VI
1466 2494 1535 2542 59,
1558 2493 1701 2531 8-22
1727 2491 1740 2544 ΙΙ
1767 2494 1909 2532 7-13

231 2544 290 2586 Io.
327 2543 412 2586 Sic.
446 2544 495 2586 in
527 2544 679 2587 Herm.
707 2544 830 2587 RhG
853 2545 916 2587 VI
942 2550 1186 2602 129‚7sqq.
1219 2549 1233 2603 ΙΙ
1266 2553 1320 2590 22
1353 2547 1437 2603 τὴν
1469 2554 1557 2591 νῦν
1591 2547 1775 2592 ἔκδοσιν
1808 2548 1837 2590 i.
1871 2562 1908 2591 e.

229 2601 312 2657 τὴν
346 2601 671 2661 Ἀριστάρχειον
705 2604 761 2647 cf.
791 2608 860 2658 74,
881 2610 1051 2648 11-14

350 2739 375 2776 8
409 2735 468 2784 ὡς
500 2735 587 2778 del.
614 2735 742 2778 Kroll
776 2738 788 2791 ΙΙ
823 2741 874 2778 13
910 2737 1030 2780 ἔστιν
1064 2738 1194 2781 codd.
1233 2742 1238 2793 1
1275 2736 1629 2794 ἐπιγραφομένῳ
1663 2737 1781 2792 ΑΗ,
1815 2739 1909 2783 ἐπι-

232 2793 526 2851 γεγραμμένῳ
560 2796 590 2836 Ι
623 2797 637 2850 Η
675 2800 728 2837 15
769 2796 874 2850 post
911 2795 1028 2851 ἅπερ
1062 2798 1166 2839 add.
1201 2797 1483 2870 <6⁶02oe090c>
1516 2785 1717 2840 Bar'ham
1760 2799 1765 2853 Ι
1807 2799 1909 2855 τοῦ]

232 2859 322 2894 τῶν
346 2851 556 2907 Westph.
587 2855 592 2906 Ι
621 2852 774 2904 εἴδους
798 2855 860 2909 ΙΙΙ
889 2859 939 2896 16
974 2859 1261 2914 μεσῳδιακον
1286 2858 1316 2898 Ι
1335 2858 1349 2911 ΙΙ
1377 2861 1427 2898 17
1463 2855 1759 2913 συστήμασιν]
1795 2856 1911 2901 εἴδε-

234 2923 306 2953 σιν
337 2910 510 2965 Hense3
544 2911 631 2954 hoe
665 2912 850 2968 scripsit
880 2912 1043 2969 Heph.‚
1077 2914 1194 2956 illud
1226 2915 1556 2970 grammaticus
