2060 3168
186 929 228 959 10

183 1401 223 1432 15

181 1733 222 1765 20

180 2066 222 2096 25

178 2397 222 2429 30

254 185 363 237 374
1009 187 1185 227 TPIXA

253 315 517 376 ὑπερμέτρῳ
544 317 655 372 ὄντι,
687 318 848 362 πολλοὶ
878 319 1104 375 χρώμενοι
1136 316 1375 374 εὕρηνται·
1410 319 1489 361 καὶ
1513 316 1805 376 Καλλίμαχος
1829 322 1940 376 μᾶλ-

252 388 352 428 λον·
388 385 462 429 διὸ
494 386 574 429 καὶ
606 384 946 443 Καλλιμάχειον
977 382 1167 440 λέγεται.
1232 385 1325 428 ἔστι
1356 385 1407 428 δὲ
1439 393 1651 429 τοιοῦτον
1684 384 1786 429 οἷον
1818 386 1868 430 τὸ

519 451 549 495 ἃ
580 459 735 509 χοροῖς
766 450 1031 506 εὐαγέεσσιν
1065 450 1269 506 ἀγγέλων
1302 449 1535 505 οὐρανίων
1569 450 1804 506 ἐνήλασας.

368 515 737 575 Ἐπισημότατόν
772 517 864 560 ἐστι
895 516 1024 571 παρὰ
1056 524 1202 560 ταῦτα
1233 518 1312 560 καὶ
1343 518 1395 561 τὸ
1427 518 1604 575 χωλὸν
1635 517 1939 574 τετράμετρον

253 583 604 642 καταληκτικόν,
638 583 660 628 ὃ
693 583 840 641 χωλὸν
872 585 1079 627 καλεῖται
1111 583 1191 626 διὰ
1223 583 1274 626 τὸ
1309 582 1393 639 τὴν
1427 582 1627 642 ἑβδόμην
1659 585 1827 640 χώραν,
1859 600 1940 628 πε-

253 650 409 707 ριττὴν
458 648 603 694 οὖσαν
650 651 730 693 καὶ
777 649 1028 707 δεχομένην
1075 657 1293 706 τροχαῖον
1337 648 1364 704 ἢ
1410 657 1594 707 χορεῖον
1642 651 1702 699 ὡς
1748 650 1939 706 ἔφαμεν,

252 715 518 772 ἀπαρτίζειν
545 714 789 774 σπονδείῳ,
823 714 972 771 ὥσπερ
999 716 1078 758 καὶ
1102 716 1152 759 τὸ
1178 715 1325 774 χωλὸν
1351 715 1584 774 ἰαμβικόν,
1618 715 1698 760 διὰ
1720 716 1772 760 τὸ
1798 731 1938 760 σπον-

252 785 378 827 δεῖον
418 781 444 839 ἢ
485 790 702 840 τροχαῖον
744 782 792 825 ἐν
835 789 889 840 τῇ
930 780 1167 843 τελευταίᾳ
1200 780 1423 840 δέχεσθαι
1455 782 1598 840 βάσει.
1660 783 1826 826 τούτου
1857 789 1938 826 τοῦ

251 849 551 905 τετραμέτρου
591 851 927 904 καταληκτικοῠ
967 850 1278 906 χωλιαμβικοῦ
1311 848 1606 906 παράδειγμα
1640 849 1663 894 ὁ
1695 848 1938 906 προκείμε-

253 931 332 964 νος
362 915 506 972 χωλὸς
538 922 754 972 τροχαῖος
786 913 810 957 ὁ

518 982 562 1034 ἐξ
597 981 724 1032 ἰλύος
755 979 973 1037 αἰθέριον
1007 979 1288 1040 ἀμβιβάσασ’
1319 982 1385 1031 εἰς
1416 981 1550 1038 ὕψος.

994 1141 1102 1200 Cap.
1127 1143 1202 1186 111.

776 1232 836 1288 γ’.
879 1233 1016 1288 Περὶ
1050 1235 1406 1277 δακτυλικοῦ.

367 1321 682 1380 Διαλαβόντες
711 1322 818 1378 περὶ
849 1329 939 1364 τῶν
972 1321 1022 1364 ἐκ
1054 1321 1340 1379 δισυλλάβων
1372 1325 1532 1365 ποδῶν
1556 1321 1935 1379 ἀποτελουμένων

249 1387 445 1444 μέτρων,
477 1396 559 1432 τοῦ
593 1389 810 1446 ἰαμβικοῦ
845 1387 1022 1444 δηλαδὴ
1057 1389 1134 1431 καὶ
1167 1395 1247 1432 τοῦ
1280 1397 1550 1445 τροχαϊκοῦ,
1585 1389 1660 1433 ἐπὶ
1690 1389 1748 1432 τὰ
1778 1390 1934 1433 τελεώ-

247 1472 356 1510 τερα
387 1463 644 1512 χωροῦντες
676 1455 840 1510 ἑφεξῆς
872 1455 952 1497 καὶ
982 1455 1089 1510 περὶ
1113 1462 1203 1498 τῶν
1230 1455 1279 1498 ἐκ
1303 1455 1614 1513 τρισυλλάβων
1641 1459 1801 1500 ποδῶν
1827 1470 1934 1512 συγ-

248 1521 469 1578 κειμένων
486 1521 662 1578 μέτρων
681 1519 1024 1578 διαληψόμεθα.
1066 1521 1153 1565 εἰσὶ
1171 1520 1221 1566 δὲ
1239 1522 1319 1564 καὶ
1336 1529 1480 1565 ταῦτα
1499 1523 1584 1566 δύο
1602 1522 1659 1566 τὰ
1685 1521 1932 1577 καθολικά,

246 1586 296 1631 τό
321 1605 368 1632 τε
395 1588 686 1643 δακτυλικόν,
710 1589 761 1632 τὸ
788 1588 867 1630 καὶ
891 1587 1045 1645 ἡρῷον
1071 1587 1371 1644 καλούμενον,
1398 1589 1475 1631 καὶ
1500 1589 1550 1632 τὸ
1575 1588 1928 1633 ἀναπαιστικόν.

364 1654 680 1710 Προτάττεται
711 1653 866 1711 μέντοι
897 1661 978 1697 τοῦ
1011 1655 1353 1697 ἀναπαιστικοῦ
1385 1655 1436 1698 τὸ
1471 1655 1747 1699 δακτυλικὸν
1777 1654 1857 1698 διὰ
1881 1654 1931 1698 τὸ

248 1720 544 1776 ἐνδοξότερόν
576 1739 623 1766 τε
656 1718 777 1765 εἶναι
815 1721 896 1764 καὶ
929 1722 1274 1776 γνωριμώτερον
1306 1722 1386 1764 καὶ
1417 1720 1603 1776 προσέτι
1634 1729 1724 1765 τῶν
1757 1720 1933 1778 μέτρων

245 1795 336 1831 τῶν
367 1791 539 1832 λοιπῶν
573 1787 897 1845 ἀρχαιότερον·
942 1787 1170 1843 πρότερον
1203 1787 1288 1843 γὰρ
1320 1787 1450 1842 παρὰ
1482 1795 1563 1832 τοῦ
1597 1792 1804 1832 πυθικοῦ
1836 1786 1931 1842 τρί-

247 1856 394 1906 ποδος
425 1854 626 1911 εὕρηται.
659 1882 717 1887 -
749 1857 970 1898 Καλεῐται
1002 1853 1073 1907 δέ,
1114 1854 1175 1903 ὡς
1207 1854 1404 1910 ἔφαμεν,
1445 1855 1524 1898 καὶ
1557 1854 1758 1910 ἡρωϊκὸν
1792 1853 1819 1910 ἢ
1853 1854 1934 1897 διὰ

247 1921 297 1964 τὸ
346 1919 467 1965 εἶναι
512 1929 603 1965 τῶν
649 1925 844 1975 λοιπῶν,
892 1921 953 1970 ὡς
999 1919 1210 1975 εἴπομεν,
1257 1918 1638 1975 προγενέστερον,
1685 1921 1810 1964 καθὸ
1854 1922 1934 1964 καὶ

246 1985 400 2043 ἥρωας
430 1989 539 2038 τοὺς
568 1989 798 2039 παλαιοὺς
828 1986 1037 2036 ἐκείνους
1069 1987 1354 2041 ἀνθρώπους
1383 1985 1587 2041 λέγομεν,
1620 1985 1647 2042 ἦ
1680 1984 1796 2042 παρ’
1822 1985 1932 2030 ὅσον

246 2054 303 2097 τὰ
341 2062 433 2099 τῶν
472 2055 636 2111 ἡρώων
685 2054 795 2111 ἔργα
843 2054 923 2097 διὰ
962 2060 1043 2097 τοῦ
1083 2052 1296 2096 τοιούτου
1336 2050 1502 2107 μέτρου
1532 2050 1732 2108 ’Όμηρος
1769 2053 1848 2095 καὶ
1889 2052 1934 2095 οἱ

246 2122 398 2165 λοιποὶ
429 2130 520 2165 τῶν
552 2130 758 2178 ποιητῶν
788 2120 1039 2179 διεξῄεσαν.
1105 2118 1380 2175 ὀνομάζεται
1412 2119 1462 2162 δὲ
1495 2119 1574 2161 καὶ
1606 2119 1815 2162 πυθικὸν
1855 2120 1932 2162 καὶ

249 2187 357 2239 ἔπος
388 2189 466 2231 καὶ
500 2187 762 2244 ἑξάμετρον,
795 2188 855 2237 ὡς
887 2184 1009 2231 εἶναι
1039 2186 1123 2236 τὰς
1154 2185 1307 2234 πάσας
1335 2186 1479 2228 αὐτοῦ
1506 2183 1759 2241 ὀνομασίας
1782 2184 1930 2230 πέντε.

365 2253 561 2311 Δέχεται
604 2255 655 2298 δὲ
693 2255 745 2298 τὸ
795 2253 1071 2298 δακτυλικὸν
1111 2251 1275 2309 μέτρον
1316 2251 1432 2295 κατὰ
1471 2250 1626 2301 πάσας
1663 2251 1745 2303 τὰς
1783 2253 1934 2310 χώρας

247 2319 519 2376 ἀδιαφόρως
563 2321 644 2365 τὸν
686 2320 930 2377 ὁμώνυμον
972 2321 1115 2362 αὐτοῦ
1161 2318 1389 2363 δάκτυλον
1429 2318 1508 2361 καὶ
1546 2318 1628 2363 τὸν
1669 2322 1931 2372 σπονδεῖον,

249 2385 296 2429 ἐν
329 2386 380 2430 δὲ
411 2394 464 2444 τῇ
497 2385 750 2447 τελευταίᾳ,
784 2385 857 2430 ὅτε
889 2385 1225 2442 καταληκτικόν
1258 2386 1380 2429 ἐστιν
1412 2385 1477 2434 εἰς
1509 2386 1797 2443 δισύλλαβον,
1829 2401 1930 2439 τρο-

247 2460 381 2510 χαῖον
414 2452 442 2509 ἢ
477 2458 736 2498 σπονδεῖον.
773 2481 825 2485 -
860 2451 1081 2496 Βαίνεται
1121 2451 1193 2505 δέ,
1233 2449 1437 2495 τουτέστι
1475 2449 1711 2504 ποδίζεται
1743 2452 1822 2494 καὶ
1854 2468 1929 2506 με-

248 2527 441 2574 τρεῖται,
480 2522 531 2564 τὸ
573 2521 850 2564 δακτυλικὸν
890 2519 1056 2575 μέτρον
1095 2518 1214 2562 κατὰ
1245 2516 1560 2575 μονοποδίαν,
1601 2518 1721 2562 διότι
1755 2518 1803 2561 ἐκ
1835 2534 1929 2572 τρι-

247 2586 482 2644 συλλάβων
515 2586 708 2643 μάλιστα
748 2587 827 2630 καὶ
859 2585 1143 2641 κυριωτέρως
1175 2584 1396 2641 ’ἥρμοσται
1429 2587 1607 2628 ποδῶν·
1655 2586 1830 2640 ἔφαμεν
1863 2583 1929 2638 δέ,

368 2738 391 2775 2
411 2733 749 2792 Καλλιμάχειον
776 2733 949 2776 schol.A
965 2738 1061 2785 123,
1075 2739 1151 2787 203
1175 2734 1226 2777 τὸ
1244 2740 1325 2776 τοῦ
1344 2731 1638 2790 Καλλιμάχου
1657 2731 1804 2788 Heph.
1823 2738 1891 2786 19,
1905 2738 1926 2775 1

368 2878 392 2915 6
425 2881 607 2929 χορεῖον
632 2874 756 2930 Jung
782 2873 884 2917 coll.
912 2874 1081 2916 soh01.¹³
1100 2878 1282 2927 271‚19‚
1308 2874 1555 2916 σπονδεῖον
1573 2875 1679 2917 PK
1697 2877 1710 2929 ΙΙ
1738 2878 1789 2915 19
1815 2890 1928 2928 προ-

245 2931 429 2975 τέταται
463 2934 506 2975 Ρ
526 2934 539 2988 ΙΙ
565 2938 618 2975 29
653 2933 775 2975 αὐτῶ
810 2934 863 2975 Κ
881 2934 895 2988 ΙΙ
921 2938 973 2974 33
1009 2932 1185 2987 ἔφαμεν
1218 2932 1273 2975 cf.
1301 2936 1400 2985 368,
1422 2937 1442 2973 1

1966 1525 2060 1580 (πε
