2090 3158
247 166 318 218 22
445 168 867 210 ΗΦΑΙΣΤΙῼΝΟΣ
895 169 1286 210 ΕΓΧΕΙΡΙΔῙΟΝ
1316 169 1461 210 ΠΕΡΙ
1490 168 1749 212 ΜΕΤΡΩΝ.

308 365 311 368 Α
355 301 438 371 (3)
479 306 602 355 Τῶν
626 300 686 355 δὲ
712 304 790 365 εἰς
815 304 1096 371 συλλαβὴν
1119 308 1192 374 τῷ
1219 302 1319 369 μὲν
1349 308 1746 373 πενθημιμερεῖ
1769 303 1932 373 [πρὸς
1965 309 2062 367 [43]

244 384 346 436 δύο
386 384 551 437 ποσὶν
590 385 774 437 οὐσῶν
813 393 925 437 τῶν
967 383 1283 452 συλλαβῶν]
1334 382 1640 458 Ἀρχίλοχος
1676 383 1932 453 κέχρηται

245 463 306 517 ἐν
346 463 538 537 ε’πωδῷ
574 463 730 536 (104)

465 545 526 598 ἐν
566 544 626 599 δὲ
666 547 1070 614 Βατουσιάδης,

198 647 217 680 5
241 633 314 699 τῷ
350 624 410 679 δὲ
451 626 820 696 ἑφθημιμερεῖ
866 627 1095 694 Ἀλκμὰν
1135 625 1255 698 (49)

465 717 634 761 ταῦτα
672 710 772 775 μὲν
813 710 886 771 ὡς
925 708 995 761 ἄν
1036 708 1064 761 ὁ
1107 710 1277 777 δῆμος
1316 709 1470 770 ἅπας.

349 790 435 857 (4)
452 788 562 842 Καὶ
586 800 697 843 τῶν
721 790 1107 859 ἀκαταλήπτων
1132 787 1192 842 δὲ
1216 791 1277 842 τὸ
1303 790 1666 859 τετράμετρον
1694 788 1931 859 Ἀρχίλο-

239 891 333 939 χος
373 871 600 935 ἔνδοξον
647 870 867 940 ἐποίησε
919 873 1010 924 διὰ
1049 873 1110 924 τὸ
1150 870 1413 941 προτάξαι
1460 871 1593 924 αὐτὸ
1633 878 1929 939 τροχαϊκοῦ

239 960 338 1004 τοῦ
377 952 723 1019 καλουμένου
765 955 1159 1022 ἰθυφαλλικοῦ,
1201 953 1376 1014 οὕτως
1416 950 1572 1023 (100)

171 1054 214 1086 10
460 1033 660 1086 οὐκέθ’
700 1034 845 1101 ὁμῶς
883 1035 1109 1097 θάλλεις
1148 1034 1360 1086 ἁπαλὸν
1391 1036 1547 1103 χρόα·
1585 1034 1852 1103 κάρφεται
1961 1045 2017 1085 24

1393 1116 1496 1184 γὰρ
1537 1115 1656 1183 ἤδη·

236 1195 467 1262 Ἀλκμὰν
492 1193 550 1248 δὲ
575 1197 664 1249 καὶ
690 1197 819 1259 ὅλας
836 1198 1079 1267 στροφὰς
1095 1197 1270 1268 τούτῳ
1289 1203 1362 1268 τῷ
1374 1195 1549 1268 μέτρῳ
1567 1195 1927 1266 κατεμέτρησε

261 1276 332 1328 45

238 1275 259 1348 <
336 1275 356 1347 >
461 1358 620 1412 Μῶσ’
667 1360 764 1427 ἄγε
802 1361 1106 1428 Καλλιόπα,
1145 1360 1391 1428 θύγατερ
1432 1361 1585 1428 Διός,
1959 1365 2056 1424 [44]

167 1461 211 1492 ·15
459 1439 577 1510 ἄρχ’
625 1440 832 1510 ἐρατῶν
874 1440 1064 1509 ἐπέων,
1106 1439 1194 1493 ἐπὶ
1235 1439 1282 1492 δ’
1329 1440 1521 1508 ἵμερον

457 1522 610 1593 ὕμνῳ
650 1522 740 1574 καὶ
779 1523 1035 1591 χαρίεντα
1073 1525 1219 1574 τίθει
1259 1523 1441 1590 χορόν.

244 1606 424 1654 Ταῦτα
462 1600 563 1669 μὲν
604 1599 707 1656 οὖν
744 1605 904 1656 κοινὰ
945 1604 1257 1656 δακτυλικά.

346 1685 428 1753 (5)
464 1686 538 1736 Τὰ
571 1682 629 1736 δὲ
657 1690 708 1736 Α
720 1687 741 1736 ι’
750 1685 936 1738 ολικὰ
966 1685 1278 1751 καλούμενα
1309 1685 1405 1736 τὸν
1436 1681 1537 1750 μὲν
1567 1694 1788 1752 πρῶτον
1814 1686 1923 1753 ἔχει

235 1766 379 1818 πόδα
422 1766 639 1828 πάντως
694 1765 791 1818 ἕνα
838 1775 949 1818 τῶν
1007 1765 1359 1833 δισυλλάβων
1412 1765 1748 1834 ἀδιάφορον,
1802 1765 1923 1832 ἤτοι

170 1867 213 1899 20
239 1847 535 1899 σπονδεῖον
574 1848 605 1915 ἢ
647 1850 846 1915 ἴαμβον
884 1846 916 1914 ἢ
957 1858 1216 1915 τροχαῖον
1255 1847 1286 1915 ἢ
1327 1850 1647 1915 πυρρίχιον,
1693 1848 1823 1907 τοὺς
1863 1843 1924 1898 δὲ

235 1925 296 1979 ἐν
334 1927 479 1999 μέσῳ
536 1929 841 1990 δακτύλους
894 1928 1123 1996 πάντας,
1177 1930 1275 1980 τὸν
1330 1928 1390 1980 δὲ
1434 1931 1750 1980 τελευταῖον
1787 1927 1923 1996 πρὸς

234 2010 335 2076 τὴν
389 2008 657 2062 ἀπόθεσιν
714 2010 988 2062 δάκτυλον
1042 2006 1142 2076 μὲν
1196 2009 1228 2077 ἢ
1283 2010 1541 2079 κρητικὸν
1597 2010 1688 2061 διὰ
1727 2009 1787 2060 τὸ
1829 2015 1923 2076 τῆς

235 2092 544 2151 τελευταίας
569 2089 896 2160 ἀδιάφορον,
938 2089 1033 2142 ἐὰν
1069 2090 1440 2159 άκατάληκτον
1464 2085 1515 2159 ᾗ,
1556 2089 1652 2142 ἐὰν
1678 2086 1738 2142 δὲ
1762 2109 1923 2142 κατα-

354 2253 378 2290 2
420 2249 559 2292 schol.
603 2249 975 2305 (Thom.-Tricl.)
1015 2250 1155 2294 Arist.
1197 2250 1318 2295 Nub.
1348 2255 1444 2293 275.
1481 2277 1534 2281 -
1567 2249 1680 2292 Mar.
1715 2249 1922 2293 Plot.V1

235 2312 335 2361 512,
371 2313 425 2350 10
444 2323 541 2363 sqq.
598 2308 697 2351 Ter.
743 2308 888 2352 Maur.
915 2309 979 2351 VI
1003 2314 1087 2352 379
1122 2325 1159 2351 v.
1191 2314 1301 2352 1807
1342 2312 1356 2365 Η
1394 2315 1447 2352 14
1481 2309 1601 2352 Max,
1634 2308 1763 2352 Plan.
1798 2307 1922 2351 RhG

237 2366 394 2420 V510,
415 2373 438 2408 ‘2
458 2382 555 2422 sqq.
583 2369 595 2422 ΙΙ
624 2371 676 2410 18
709 2367 923 2425 Αἰολικά]
958 2368 1071 2411 Mar.
1106 2368 1226 2412 Vict.
1252 2368 1315 2411 VI
1342 2373 1410 2422 70,
1439 2373 1506 2412 18.
1554 2372 1652 2421 111,
1681 2373 1702 2410 1

355 2504 376 2541 1
419 2500 634 2554 πρὸς-2
677 2501 911 2557 συλλαβῶν
949 2503 1002 2543 ut
1041 2501 1272 2556 glossema,
1312 2500 1501 2555 seclusi3
1545 2515 1592 2543 π.
1627 2501 1666 2543 δ.
1701 2514 1747 2542 π.
1783 2499 1921 2555 οὔσης

235 2558 346 2611 (sive
372 2561 494 2614 μιᾶς)
521 2559 744 2615 συλλαβῆς
770 2557 938 2602 Caesar
961 2562 974 2614 ΙΙ
998 2565 1024 2602 4
1050 2560 1175 2603 idem
1202 2575 1354 2603 versus
1379 2575 1422 2615 p.
1445 2564 1512 2612 13,
1542 2563 1593 2602 13
1618 2560 1632 2614 ΙΙ
1658 2563 1683 2601 5
1708 2556 1918 2615 Ἀλκμὰν]

235 2617 376 2660 immo
410 2618 664 2671 Anacreon,
698 2618 822 2671 quod
856 2618 1042 2674 scripsit
1072 2618 1177 2662 fort.
1213 2619 1361 2675 Heph.
1398 2618 1583 2660 Wilam.
1625 2620 1638 2674 Η
1680 2621 1733 2660 10
1758 2616 1921 2666 θάλεις

237 2677 285 2719 Ι)
314 2678 318 2731 Ι
347 2676 471 2718 idem
513 2691 667 2719 vorsus
699 2691 743 2731 p.
766 2682 834 2729 19,
864 2681 929 2719 10.
973 2682 1041 2728 50,
1070 2681 1132 2734 311
1161 2684 1214 2720 14
1247 2677 1426 2734 μῶσάγε
1459 2678 1583 2731 ΑΒ,
1632 2683 1814 2731 μῶσαγε
1847 2677 1880 2718 Ι
1910 2676 1914 2732 ξ

236 2735 361 2777 idem
402 2749 555 2778 versus
587 2750 629 2790 p.
660 2740 735 2789 13,
762 2741 787 2778 5
835 2738 849 2791 Η
898 2741 950 2779 15
985 2735 1108 2789 ἐρατ’
1146 2739 1195 2780 D
1241 2740 1254 2793 ΙΙ
1304 2742 1356 2780 16
1401 2734 1548 2791 ὕμνον
1587 2735 1708 2777 Max.
1742 2734 1871 2778 Plan.
1916 2735 1919 2792 l

239 2798 291 2836 18
325 2794 430 2847 περὶ
463 2794 680 2836 αἰολικῶν
714 2796 770 2837 H
794 2795 842 2837 in
875 2796 1005 2838 textu
1039 2796 1097 2850 (A
1130 2796 1179 2838 in
1207 2795 1426 2850 scholiis),
1459 2794 1563 2847 περὶ
1595 2800 1674 2836 τοῦ
1710 2794 1918 2837 αἰολικοῦ

235 2850 521 2908 καλουμένου
554 2851 719 2907 μέτρου
753 2855 783 2895 Ι
810 2855 822 2909 Η
857 2859 1043 2896 21-22
1077 2855 1192 2909 πρὸς
1224 2854 1306 2910 τὴν
1346 2852 1578 2897 ἀπόθεσιν
1604 2867 1689 2895 om.
1717 2855 1917 2908 excerpb.

235 2911 377 2955 Paris,
406 2912 521 2968 (cod.
548 2912 689 2955 Paris.
711 2914 841 2968 2881>
