2060 3168
337 781 431 840 ΙΠ
483 778 863 840 ΕΡΙΤΟΜΕ
910 776 1650 840 HEPHAESTIONEA.

272 914 308 952 1.
363 909 427 953 Τὸ
475 908 745 967 ἰαμβικὸν
784 905 951 964 μέτρον
990 907 1109 951 κατὰ
1156 907 1239 964 μὲν
1282 907 1365 958 τὰς
1408 907 1627 963 περιττὰς
1671 908 1837 966 χώρας,

152 974 295 1031 ἤγουν
334 977 544 1031 πρώτην,
577 972 922 1034 <τρίτην>.καὶ
951 973 1184 1030 πέμπτην,
1216 973 1397 1031 δέχεται
1430 973 1618 1032 ἴαμβον,
1650 972 1838 1032 τρίβρα-

147 1058 258 1099 χυν,
306 1044 579 1095 σπονδεῖον,
619 1040 872 1094 δάκτυλον,
911 1038 1224 1084 ἀνάπαιστον·
1265 1039 1386 1084 κατὰ
1424 1041 1475 1084 δὲ
1514 1040 1599 1092 τὰς
1635 1037 1839 1096 ἀρτίους,

146 1106 355 1151 τουτέστι
386 1106 632 1163 δευτέραν,
670 1106 893 1163 τετάρτην
932 1107 1012 1150 καὶ
1046 1105 1204 1163 ἕκτην,
1243 1106 1435 1165 ἴαμβον,
1473 1109 1726 1166 τρίβραχυν
1755 1107 1837 1151 καὶ
1884 1120 1904 1152 5

147 1173 454 1218 ἀνάπαιστον.

268 1245 307 1284 2.
361 1241 426 1285 Τὸ
473 1257 568 1295 τρο
580 1240 784 1296 χαϊκὸν
823 1238 990 1296 μέτρον
1030 1239 1150 1284 κατὰ
1190 1239 1273 1296 μὲν
1311 1239 1395 1290 τὰς
1432 1239 1650 1295 περιττὰς
1687 1240 1840 1296 χώρας

146 1306 330 1365 δέχεται
360 1314 595 1365 τροχαῖον,
626 1304 878 1365 τρίβραχυν
909 1306 989 1350 καὶ
1020 1306 1270 1352 δάκτυλον·
1304 1306 1423 1351 κατὰ
1455 1306 1506 1351 δὲ
1537 1306 1621 1360 τὰς
1650 1305 1840 1362 ἀρτίους

146 1373 342 1424 τούτους
370 1390 419 1418 τε
450 1374 530 1418 καὶ
563 1374 812 1417 σπονδεῖον
845 1374 924 1416 καὶ
957 1373 1263 1419 ἀνάπαιστον.

268 1446 307 1485 3.
361 1441 425 1485 Τὸ
473 1442 502 1484 δ
512 1440 820 1484 ακτυλικὸν
859 1438 1026 1496 μέτρον
1065 1439 1243 1498 δέχεται
1286 1441 1543 1492 δακτύλους
1580 1441 1660 1484 καὶ
1699 1454 1839 1485 σπον-
1864 1454 1906 1485 10

147 1504 306 1559 δείους
343 1507 464 1551 κατὰ
495 1514 653 1551 πᾶσαν
685 1508 840 1564 χώραν
879 1508 998 1565 πλὴν
1029 1515 1111 1564 τῆς
1140 1504 1423 1557 τελευταίας·
1466 1507 1543 1552 ἐπὶ
1572 1506 1742 1562 ταύτης
1772 1505 1839 1561 δέ,

147 1574 190 1617 εἰ
220 1572 302 1631 μὲν
335 1572 657 1630 ἀκατάληκτον
690 1572 783 1630 εἴη,
823 1573 1054 1619 δάκτυλον
1088 1573 1176 1628 ἕξει
1207 1572 1236 1630 ἢ
1269 1573 1423 1633 <διά>
1454 1572 1539 1630 τὴν
1571 1572 1838 1629 ἀδιάφορον

147 1640 389 1696 κρητικόν·
432 1641 473 1684 εἰ
513 1639 564 1684 δὲ
596 1639 957 1696 καταληκτικόν,
996 1640 1054 1684 τὰ
1086 1638 1171 1685 ἀπ’
1199 1641 1344 1684 αὐτοῦ
1375 1639 1663 1698 μεμειωμένα
1694 1638 1839 1696 ἤγουν

147 1709 348 1765 συλλαβῇ
369 1734 423 1739 -
442 1707 522 1751 καὶ
546 1708 886 1763 καταληκτικὸν
912 1708 978 1758 εἰς
994 1708 1271 1766 δισύλλαβον
1295 1709 1502 1751 καλεῖται
1520 1733 1574 1739 -
1590 1705 1734 1763 ἤγουν
1751 1707 1837 1751 δύο

148 1775 396 1831 συλλαβαῖς
420 1800 477 1806 -
501 1775 581 1818 καὶ
613 1776 821 1818 καλεῖται
853 1774 1192 1831 καταληκτικὸν
1226 1774 1292 1826 εἰς
1323 1773 1565 1832 συλλαβήν.
1615 1770 1839 1830 ἐπίσημον
1863 1786 1905 1818 15

147 1839 199 1885 δὲ
230 1841 282 1884 τὸ
317 1839 564 1896 ἑξάμετρον
595 1841 934 1897 καταληκτικὸν
966 1841 1032 1891 εἰς
1064 1841 1342 1899 δισύλλαβον
1363 1840 1415 1884 τὸ
1444 1839 1690 1898 λεγόμενον
1715 1839 1839 1894 ἔπος,

146 1907 209 1957 ὡς
257 1911 298 1951 Α
326 1912 348 1950 1

240 1909 255 1964 <
353 1910 368 1962 )
415 1973 555 2022 μῆνιν
587 1965 715 2010 ἄειδε
748 1966 878 2025 (θεὰ
910 1966 1187 2023 Πηληϊάδεω
1219 1965 1445 2025 Ἀχιλῆος).

151 2033 216 2076 Τὸ
249 2033 526 2076 Αἰολικὸν
563 2033 647 2077 τὸν
687 2032 769 2088 μὲν
807 2041 992 2088 πρῶτον
1026 2034 1118 2090 ἔχει
1155 2032 1281 2078 πόδα
1313 2033 1396 2077 ἕνα
1427 2040 1519 2078 τῶν
1551 2032 1839 2091 δισυλλάβων

146 2098 433 2155 ἀδιάφορον,
465 2097 493 2155 ἢ
527 2101 777 2144 σπονδεῖον
810 2097 837 2155 ἢ
871 2099 1042 2157 ἴαμβον
1074 2098 1102 2155 ἢ
1135 2107 1355 2159 τροχαῖον
1379 2098 1407 2155 ἢ
1432 2097 1699 2157 πυρρίχιον·
1731 2100 1841 2149 τοὺς
1865 2112 1907 2143 20

148 2163 197 2209 δ’
233 2165 283 2209 ἐν
323 2164 443 2225 μέσῳ
483 2166 740 2216 δακτύλους
778 2165 977 2216 πάντας·
1026 2166 1108 2211 τὸν
1149 2165 1201 2211 δὲ
1239 2169 1502 2211 τελευταῖον
1540 2165 1772 2210 δάκτυλον
1810 2163 1838 2221 ἢ

148 2232 367 2288 κρητικὸν
401 2231 481 2277 διὰ
511 2233 564 2276 τὸ
598 2231 864 2288 ἀδιάφορον
892 2239 973 2289 τῆς
1003 2235 1244 2292 συλλαβῆς,
1276 2233 1318 2277 εἰ
1349 2233 1470 2278 ἔστιν
1502 2232 1839 2289 ἀκατάληκτον,

148 2299 190 2343 εἰ
229 2298 279 2343 δὲ
320 2299 656 2355 καταληκτικὸν
698 2298 791 2355 εἴη,
835 2298 944 2342 ἔστω
977 2300 1058 2343 καὶ
1087 2299 1146 2343 τὰ
1177 2299 1228 2345 ἐκ
1257 2300 1425 2344 τούτου
1456 2298 1741 2356 μεμειωμένα
1774 2300 1840 2351 εἰς

147 2365 425 2424 δισύλλαβον
450 2366 528 2408 καὶ
555 2364 797 2423 συλλαβήν.
847 2366 1183 2421 καταληκτικὸν
1211 2365 1298 2423 γὰρ
1325 2366 1434 2416 ἔπος
1456 2365 1679 2409 Αἰολικὸν
1703 2372 1838 2410 τοῦτο

146 2432 263 2489 (Alc.
291 2435 387 2488 46)·
1862 2444 1904 2476 25

415 2489 604 2546 κέλομαί
635 2507 739 2534 τινα
771 2491 852 2535 τὸν
884 2490 1104 2550 χαρίεντα
1136 2490 1343 2536 Μένωνα
1376 2490 1606 2535 καλέσσαι.

268 2564 307 2602 4.
363 2558 426 2602 Τὸ
467 2558 889 2602 ἀναπαιστικὸν
928 2557 1048 2602 κατὰ
1086 2566 1244 2602 πᾶσαν
1282 2560 1437 2616 χώραν
1477 2557 1658 2615 δέχεται
1697 2572 1838 2602 σπον-

149 2627 300 2679 δεῖον,
340 2624 653 2675 ἀνάπαιστον,
694 2623 900 2674 σπανίως
931 2624 982 2668 δὲ
1014 2626 1093 2668 καὶ
1124 2624 1595 2680 προκελευσματικόν,
1625 2624 1755 2679 παρὰ
1786 2623 1839 2669 δὲ

148 2698 246 2742 τοῖς
276 2694 643 2748 δραματοποιοῖς
673 2691 751 2734 καὶ
784 2692 1026 2735 δάκτυλον.
1075 2692 1162 2735 εἰσὶ
1193 2691 1245 2735 δὲ
1270 2691 1414 2734 αὐτοῦ
1437 2689 1495 2734 τὰ
1520 2690 1620 2747 εἴδη
1648 2690 1694 2743 ἓξ
1720 2690 1839 2734 κατὰ

270 2844 295 2882 2
328 2838 400 2883 ed.
426 2851 482 2882 ex
506 2840 552 2883 P
579 2838 607 2881 i.
634 2852 671 2882 e.
698 2838 844 2882 Paris.
863 2843 976 2883 2881
1003 2839 1082 2882 fol.
1101 2844 1182 2883 141
1210 2838 1285 2894 (cf.
1313 2837 1531 2882 Hoersch.
1552 2837 1687 2882 GGA
1705 2841 1807 2895 607)
1825 2840 1839 2894 ΙΙ

154 2902 206 2939 19
238 2897 339 2956 τὸν]
371 2898 422 2942 τὸ
455 2899 535 2953 Pu
559 2902 613 2940 29
647 2897 703 2941 τὰ
736 2896 858 2955 εἴδη]
891 2898 1032 2941 immo
1065 2897 1319 2949 ἀποθέσεις
