2060 3168
207 202 316 255 202
663 204 973 246 ΓΕῼΡΓΙΟΤ
1004 204 1445 246 ΧοιΡοΒοΣΚοΤ

207 339 384 390 οὐκέτι
423 339 624 401 γίνεται
664 341 813 403 κοινὴ
855 340 1109 403 ςυλλαβή,
1155 340 1240 390 καὶ
1278 340 1345 391 τὰ
1386 339 1515 403 ἑξῆς.
1555 369 1630 376 —-
1668 343 1900 408 Εἴρηται

206 418 331 485 περὶ
371 420 592 487 τούτου,
633 419 716 472 ὅτι
757 418 853 472 ἐὰν
891 421 964 487 μὴ
1003 412 1037 490 ᾗ
1077 420 1211 471 κατὰ
1243 420 1520 488 σύλληψιν
1559 421 1901 489 προηγούμε-

208 520 310 552 νον
356 502 417 554 τὸ
465 502 697 569 ἄφωνον
742 509 842 553 τοῦ
893 500 1260 568 ἀμεταβόλου,
1309 501 1375 553 οὐ
1416 509 1640 554 ποιοῦσι
1685 504 1900 570 κοινήν,

206 583 296 634 καὶ
337 582 492 651 φέρει
535 582 563 634 ὁ
604 583 857 650 μετρικὸς
894 583 1324 650 παραδείγματα.

162 683 181 715 5
321 663 399 730 (6,
429 661 519 732 16)
569 666 699 728 Φηςὶ
747 663 793 716 δ’
842 664 871 716 ὁ
920 663 1248 728 Ἡλιόδωρος
1303 665 1365 716 τὸ
1415 665 1448 728 μ
1504 665 1900 729 ἐπιφερόμενον
1933 673 1990 713 50

210 745 415 815 ἀφώνῳ
456 745 618 809 ἦττον
658 749 767 797 τῶν
808 745 989 797 ἄλλων
1030 745 1210 810 ὑγρῶν
1251 746 1432 797 κοινὰς
1472 749 1647 798 ποιεῖν
1688 746 1745 798 ἐν
1784 749 1898 797 τοῖς

207 826 349 879 ἐπεςι
398 827 678 892 ςυλλαβάς·
736 828 823 879 διὰ
869 830 1032 878 τοῦτο
1080 828 1166 878 καὶ
1215 827 1471 891 Κρατῖνος
1521 827 1578 879 ἐν
1625 830 1738 879 τοῖς
1780 827 1894 879 Χεί-

206 926 331 972 ρωςι
372 906 457 978 (fr.
485 906 617 978 235)
659 909 917 972 πεποίηκε

354 1001 543 1062 ςκῆψιν
585 999 679 1062 μὲν
721 997 984 1062 Χείρωνες
1025 998 1285 1062 ἐλήλυμεν
1327 997 1399 1050 ὡς
1440 996 1715 1062 ὑποθήκας

138 1105 181 1137 10
207 1085 323 1138 ἀντὶ
362 1090 458 1138 τοῦ
501 1087 845 1151 ἐληλύθαμεν.
888 1117 957 1123 -
1000 1086 1052 1139 U

317 1168 447 1231 Φηςὶ
495 1170 554 1220 δὲ
601 1168 631 1220 6
672 1167 999 1232 Ἡλιόδωρος
1053 1169 1115 1220 τὸ
1163 1170 1199 1231 μ
1246 1169 1641 1233 ἐπιφερόμενον
1690 1167 1897 1237 ἀφώνῳ

204 1248 366 1311 ἦττον
417 1253 527 1302 τῶν
577 1249 757 1302 ἄλλων
805 1250 987 1314 ὑγρῶν
1034 1253 1209 1301 ποιεῖν
1259 1251 1315 1302 ἐν
1363 1253 1475 1301 τοῖς
1524 1249 1667 1301 ἐπεςι
1715 1250 1896 1302 κοινὰς

204 1331 480 1395 ςυλλοιβάς,
522 1332 609 1383 διὰ
647 1332 710 1383 τὸ
750 1332 846 1382 τὸν
889 1331 1148 1395 Κρατῖνον
1189 1332 1247 1383 ἐν
1290 1331 1508 1396 Χείρωςι
1549 1331 1896 1394 πεποιηκέναι

353 1424 542 1485 ςκῆψιν
584 1422 679 1485 μὲν
721 1420 925 1485 Χειρῶν
967 1420 1304 1484 εἰςελήλυμεν
1346 1421 1419 1472 ὡς
1459 1420 1733 1483 ὑποθήκας

137 1525 178 1557 15
205 1507 322 1560 ἀντὶ
359 1512 456 1560 τοῦ
499 1509 886 1574 εἰςελήλυθμεν’
926 1511 1011 1560 καὶ
1049 1510 1112 1560 τὸ
1154 1509 1284 1573 ἑξῆς.
1325 1540 1396 1546 —
1429 1509 1495 1560 K

313 1595 616 1666 ιἘνταῦθα
647 1601 825 1660 καλῶς
851 1597 878 1650 6
900 1595 1243 1666 ἹΙφαιστίων
1268 1597 1536 1666 μέμφεται
1555 1596 1898 1667 “Ηλιοὸώρῳ]

204 1675 448 1743 λέγοντι,
505 1677 587 1730 ὅτι
642 1674 809 1746 ἧττον
862 1679 952 1731 καὶ
1004 1679 1383 1747 σπανιώτερον
1430 1678 1654 1747 εὕρηται
1701 1679 1897 1746 κοινὴν

202 1766 403 1810 ποιοῦν
442 1759 501 1810 τὸ
542 1761 579 1828 μ
628 1759 1030 1828 ἐπιφερόμενον
1078 1759 1296 1831 ἀφώνῳ.
1376 1758 1458 1812 δι’
1496 1760 1524 1811 ὅ
1565 1774 1701 1828 φησι
1742 1759 1824 1811 ὅτι
1865 1759 1894 1812 6

204 1849 494 1914 Κρατῖνος,
536 1849 628 1900 ἵνα
665 1850 737 1916 μὴ
780 1849 984 1918 εὑρεθῇ
1025 1849 1085 1900 τὸ
1126 1851 1208 1917 θῇ
1249 1847 1310 1901 ἐν
1341 1855 1415 1920 τῷ
1450 1847 1780 1916 ἐλήλυθμεν,
1820 1849 1893 1915 μὴ

136 1948 178 1979 20
203 1936 403 1979 ποιοῦν
443 1931 637 1998 κοινὴν
668 1927 806 2000 (ἔστι
849 1931 909 1983 δὲ
948 1931 1083 1982 κατὰ
1123 1930 1409 1998 συγκοπὴν
1441 1936 1541 1981 τοῦ
1580 1930 1616 1980 ἆ
1656 1927 1760 1981 ἀπὸ
1794 1936 1893 1981 τοῦ

204 2015 592 2088 ἐληλύθαμεν),
634 2018 870 2086 ἀπέβαλε
909 2020 970 2072 τὸ
1011 2007 1061 2071 θ
1094 2020 1324 2087 ἄφωνον
1363 2015 1424 2070 ἐν
1467 2023 1540 2088 τῷ

351 2114 556 2173 σκῆψιν
594 2103 695 2173 μὲν
734 2111 1007 2176 Χείρωνες
1046 2107 1329 2175 ἐλήλυμεν.

211 2195 383 2245 Τοῦτο
433 2190 493 2245 δὲ
532 2196 751 2258 ψεῦδος.
829 2195 935 2249 εἰσὶ
983 2198 1086 2265 γὰρ
1135 2196 1334 2248 πολλαὶ
1373 2196 1521 2248 πάνυ
1561 2196 1617 2247 αἱ
1656 2197 1891 2264 χρήσεις,
1924 2199 2045 2254 (110)

200 2273 309 2343 ικαὶ
351 2275 505 2344 φέρει
546 2276 574 2329 6
614 2278 859 2346 τεχνικὸς
898 2280 1349 2347 παραδείγματα]
1390 2275 1495 2330 εἰσὶ
1529 2273 1590 2329 δὲ
1629 2275 1719 2329 καὶ
1753 2277 1891 2328 ἄλλα

135 2384 176 2415 25
200 2365 376 2415 πολλὰ
414 2363 505 2416 καὶ
545 2365 777 2432 μάλιστα
818 2366 988 2418 αὐτοῦ
1022 2375 1120 2419 τοῦ
1160 2354 1266 2434 θῇ,
1307 2359 1429 2419 οἷον
1468 2366 1615 2434 παρὰ
1653 2363 1890 2433 Ἀριστο-

203 2445 365 2512 φάνει
406 2444 466 2497 ἐν
509 2447 743 2518 Πλούτῳ
786 2446 943 2518 (759)

350 2533 514 2602 ἐμβὰς
553 2537 830 2602 γεγόντων
870 2536 1175 2605 εὐρύθμοις
1213 2537 1620 2605 προβλήμασιν·

322 2721 343 2758 1
376 2715 433 2759 τὰ
466 2731 552 2760 om.
577 2717 619 2760 U
637 2719 651 2773 ΙΙ
676 2722 700 2759 2
735 2709 782 2775 ᾖ]
811 2716 904 2760 ἔστι
930 2718 983 2760 K
1001 2719 1015 2773 Η
1043 2723 1094 2760 16
1121 2718 1331 2762 ἐνταῦθα
1350 2715 1674 2775 -εΗλιοδώρῳ
1700 2729 1786 2759 om.
1807 2717 1885 2772 ΚΗ

204 2778 254 2816 17
289 2773 484 2832 λέγοντι]
517 2774 635 2832 λέγει
668 2773 754 2820 οὖν
786 2777 840 2819 Κ
873 2779 886 2831 ΙΙ
928 2781 1100 2819 17-18
1139 2783 1309 2821 ποιοῦν
1341 2776 1506 2832 κοινὴν
1539 2776 1588 2819 Κ
1627 2782 1640 2827 l}
1678 2779 1731 2818 18
1765 2772 1831 2818 δι’
1863 2775 1883 2818 ό

201 2834 333 2891 φησι]
367 2835 481 2889 φησὶ
513 2835 600 2890 γὰρ
634 2836 687 2878 Κ
727 2837 742 2891 ΙΙ
784 2839 836 2877 19
872 2835 1159 2892 ἐληλύθαμεν
1194 2837 1238 2881 U
1281 2839 1286 2892 Ι
1337 2835 1396 2891 μὴ
1430 2836 1565 2891 (post.
1598 2834 1646 2890 1.)
1681 2849 1766 2877 om.
1804 2835 1848 2879 U
1871 2835 1885 2892 Η

202 2896 256 2934 23
289 2893 461 2947 ψευδὲς
487 2894 556 2951 ΠΙ
584 2893 670 2950 γὰρ
698 2907 784 2937 om.
813 2895 882 2950 Ul
912 2894 960 2937 αἱ
987 2897 1032 2937 et
1057 2900 1112 2937 24
1146 2891 1669 2951 καὶ-παραδείγματα
1695 2907 1780 2936 om.
1802 2893 1880 2949 ΚΗ

202 2955 254 2992 2ῖ
289 2951 579 3008 προβήμασιν
611 2952 846 3009 Aristoph.
