2060 3168
231 213 338 264 262
816 214 1048 254 ZXOAIA
1078 215 1114 254 B
1148 211 1244 269 (lib.
1271 212 1329 269 11)

1029 345 1119 398 IV.

276 435 441 506 Περὶ
483 437 805 504 διαφορᾶς
844 437 1096 503 στίχου,
1136 436 1347 488 κώλου
1388 434 1492 488 καὶ
1531 438 1872 504 κόμματος.

344 539 616 609 Διαφέρει
657 541 838 607 στίχος
876 536 967 590 καὶ
1006 543 1187 591 κῶλον
1226 539 1314 591 καὶ
1346 541 1541 606 κόμμα.
1606 541 1788 608 στίχος
1818 536 1919 605 μὲν

230 621 333 690 γάρ
390 620 503 673 ἐστι
558 622 618 673 τὸ
675 620 812 687 ὑπὲρ
869 620 1129 688 δίμετρον
1182 618 1270 672 καὶ
1327 617 1441 672 ἔστι
1495 627 1595 672 τοῦ
1645 620 1919 688 μεγέθους

186 724 205 756 5
230 703 491 768 τοῦνομα,
531 707 713 754 κῶλον
754 700 818 753 δέ
855 700 968 752 ἐστι
1008 702 1097 753 καὶ
1135 704 1314 771 κόμμα
1352 702 1418 754 τὰ
1450 700 1605 764 ἐντὸς
1644 702 1918 770 διμέτρου.

231 783 367 836 ἀλλὰ
406 789 586 837 κῶλον
623 781 725 850 μὲν
765 787 1023 850 καλεῖται,
1064 782 1197 835 ὅταν
1237 782 1528 851 ὁλόκληροι
1569 780 1705 836 ὦσιν
1736 784 1792 835 αἱ
1826 797 1919 835 συ-

230 868 425 933 ζυγίαι,
458 868 638 934 κόμμα
663 865 740 933 δέ,
767 866 900 918 ὅταν
924 864 1151 926 ἀτελεῖς·
1186 865 1323 916 ὥστε
1349 865 1674 931 συμβαίνειν
1697 864 1795 916 τὸν
1819 861 1920 929 μὲν

229 947 417 1015 στίχον
450 940 591 999 εἶναι
617 946 876 998 ἀπάντων
898 947 1137 1012 μείζονα,
1163 946 1223 998 τὸ
1249 946 1310 998 δὲ
1333 950 1515 998 κῶλον
1540 946 1628 998 καὶ
1653 946 1714 998 τὸ
1738 947 1919 1014 κόμμα

228 1027 545 1090 ἀποθέσεως
595 1027 849 1094 ὀνόματα.
929 1027 1026 1092 [ὡς
1077 1029 1404 1094 συμβαίνειν
1456 1025 1633 1079 ἐνίοτε
1682 1025 1772 1079 καὶ
1818 1035 1918 1080 τοῦ

161 1131 204 1163 10
227 1108 525 1178 κόμματος]
554 1141 622 1146 ——
649 1109 996 1176 παράδειγμα
1027 1116 1126 1160 τοῦ
1157 1111 1346 1177 στίχου
1378 1105 1479 1176 μὲν
1504 1106 1729 1179 (Archil.
1755 1108 1842 1176 94,
1862 1106 1918 1178 1)

493 1190 661 1254 πάτερ
703 1189 990 1257 Λυκάμβα,
1030 1198 1196 1242 ποῖον
1235 1188 1456 1259 ἐφράσω
1496 1191 1641 1258 τόδε,

227 1273 408 1324 κώλου
451 1268 510 1323 δὲ
551 1269 918 1342 (Anacr.1,1)

493 1355 807 1421 γουνοῦμαί
843 1350 902 1403 σ’
943 1351 1265 1421 ε’λαφηβόλε,

227 1437 499 1503 κόμματος
539 1432 599 1486 δὲ
640 1431 855 1504 (Anacr.
885 1434 931 1501 1,
950 1431 1006 1504 3)

162 1537 201 1568 15
494 1513 749 1568 δέσποιν’
773 1512 986 1583 Ἄρτεμι
1025 1521 1234 1584 θηρῶν.

228 1597 279 1648 οἱ
330 1592 388 1648 δὲ
435 1598 760 1664 νομίσαντες
805 1597 983 1664 κόμμα
1030 1591 1172 1649 εἶναι
1219 1597 1319 1664 τὴν
1365 1597 1537 1664 τομὴν
1584 1603 1677 1663 τῆς
1727 1594 1917 1658 λέξεως

227 1677 659 1747 ἁμαρτάνουσιν·
716 1678 782 1730 οὐ
838 1679 941 1745 γὰρ
997 1688 1107 1730 τῶν
1158 1688 1340 1747 μερῶν
1387 1685 1486 1730 τοῦ
1536 1679 1731 1745 λόγου,
1781 1676 1918 1729 ἀλλὰ

226 1768 338 1811 τῶν
378 1762 654 1827 συζυγιῶν
694 1761 867 1825 ὄνομα
906 1761 967 1813 τὸ
1007 1762 1186 1828 κόμμα
1227 1758 1390 1812 ἐστίν.

339 1840 564 1909 [Στίχος
619 1839 733 1893 ἐστὶ
786 1842 963 1894 ποσὸν
1016 1840 1253 1910 μέγεθος
1299 1840 1526 1910 μέτρου,
1584 1841 1716 1909 ὅπερ
1767 1839 1916 1892 ἐστὶν

160 1943 203 1975 20
227 1921 364 1991 ὑπὲρ
413 1922 472 1974 τὸ
522 1923 799 1991 δίμετρον’
847 1924 1027 1975 κῶλόν
1067 1922 1179 1974 ἐστι
1226 1923 1404 1975 ποσὸν
1442 1922 1677 1990 μέγεθος
1714 1920 1915 1989 μέτρου

228 2003 329 2055 δύο
378 2006 655 2071 συζυγιῶν
701 2003 1107 2072 ἀκαταλήκτων”
1162 2005 1342 2070 κόμμα
1390 2003 1500 2056 ἐστὶ
1548 2003 1723 2055 ποσὸν
1762 2002 1915 2070 μέγε-

227 2090 331 2146 θος
369 2084 572 2152 μέτρου
612 2086 871 2151 συζυγίας
910 2084 1285 2153 ἀκαταλήκτου
1323 2083 1587 2152 ἕλαττον.]

1043 2246 1106 2299 V.

769 2337 924 2405 Περὶ
965 2338 1387 2404 συστήματος.

159 2461 203 2493 25
340 2439 605 2507 Σύστημά
646 2438 759 2491 ἐστι
798 2438 1011 2507 μέτρων
1052 2441 1344 2507 συναγωγὴ
1384 2441 1503 2507 ἤτοι
1537 2440 1638 2491 δύο
1672 2438 1704 2506 ἢ
1736 2439 1915 2489 πλειό-

228 2539 359 2587 νων,
399 2520 431 2588 ἣ
472 2520 678 2588 ὁμοίων
716 2519 748 2587 ἢ
791 2519 1088 2586 ἀνομοίων·
1129 2520 1408 2588 ἀνομοίων
1439 2519 1558 2588 μέν,
1599 2521 1671 2581 ὡς
1708 2516 1819 2586 ἔχει
1850 2519 1915 2570 τὰ

348 2640 372 2678 2
405 2635 555 2691 Heph.
583 2641 652 2689 62,
674 2640 867 2687 17-63,
892 2640 930 2679 3.
995 2636 1050 2679 Is.
1077 2635 1226 2680 TzetZ.
1253 2635 1338 2678 ΑΡ
1361 2636 1382 2678 Ι
1407 2641 1476 2689 60,
1495 2639 1563 2678 25.
1615 2638 1756 2688 61,16
1776 2648 1874 2689 sqq.
1901 2636 1914 2689 ΙΙ

231 2699 284 2736 16
318 2694 373 2738 cf.
400 2696 476 2738 Ar.
505 2695 586 2747 Qu.
615 2699 685 2748 33,
705 2699 758 2736 26
784 2696 797 2750 Η
824 2699 1042 2749 26-263,
1063 2700 1115 2738 18
1149 2695 1297 2751 Heph.
1326 2700 1396 2749 63,
1415 2699 1573 2747 3——65‚
1594 2699 1615 2736 1

348 2788 372 2825 2
406 2785 484 2827 καὶ
517 2797 604 2826 om.
632 2785 676 2827 A
700 2786 713 2839 ΙΙ
739 2787 765 2824 4
799 2783 891 2826 ἐστι
923 2782 973 2826 τὸ
1005 2782 1251 2826 Mendelss.
1286 2783 1361 2838 (cf.
1388 2783 1540 2825 Tzetz.
1566 2782 1596 2824 1.
1623 2783 1691 2837 c.),
1734 2781 1855 2825 ἐστιν
1889 2780 1912 2823 ὁ

220 2842 360 2884 codd.
386 2844 400 2897 11
426 2847 449 2883 9
485 2844 544 2893 ὡς
563 2869 615 2873 -
637 2847 690 2884 10
724 2839 955 2897 κόμματος
986 2841 1166 2896 seclusi,
1200 2842 1418 2884 Hoersch.
1445 2843 1552 2897 post
1583 2839 1815 2896 κόμματος
1846 2840 1913 2882 la-

230 2914 397 2943 cunam
427 2901 566 2944 indic.
593 2903 606 2956 ΙΙ
634 2907 686 2944 15
720 2900 945 2944 δέσποινα
974 2901 1105 2944 codd.
1132 2903 1145 2956 ΙΙ
1174 2905 1224 2943 19
1259 2898 1484 2958 στίχος-
1502 2905 1556 2942 22
1585 2900 1769 2943 ἔλαττον
1794 2899 1913 2942 male

220 2972 285 3001 ex
317 2960 700 3002 antecedentibus
733 2961 999 3014 excerptum
