2060 3168
205 578 226 610 5

186 910 228 941 10

185 1242 225 1272 15

185 1574 227 1605 20

188 1905 229 1937 25

185 2237 230 2268 30

248 166 356 219 358
656 167 1126 209 COMMENTARIUS
1157 169 1238 208 DE
1268 169 1525 211 PEDIBUS

249 301 348 357 βου.
412 297 580 343 αὐτίκα
613 305 727 354 γοῦν
758 305 840 342 τοῦ

594 364 724 409 ’Ήλιε
756 369 898 415 θοαῖς
930 363 1114 408 ἵπποισι
1146 365 1268 422 (Eur.
1294 365 1467 409 Phoen.
1495 370 1537 421 3)

248 432 331 476 τὸν
377 439 562 487 πρῶτον
593 433 674 476 καὶ
728 431 952 489 ἰαμβικῶς
998 430 1248 486 δυνάμεθα
1295 433 1497 487 διαιρεῖν
1543 433 1622 476 καὶ
1668 440 1936 492 τροχαῖκῶς.

251 504 290 542 5.
325 497 493 554 ὁμοίως
525 498 575 541 δὲ
616 499 696 542 καὶ
727 494 856 541 οὗτοι
889 497 933 541 οἱ
964 497 1329 555 πεντασύλλαβοι
1367 497 1803 556 προσλαμβάνοντες
1833 502 1937 554 συλ-

251 565 396 623 λαβὴν
444 566 721 608 διπλοῦνται
767 565 847 607 καὶ
893 561 1104 620 γίνονται
1145 563 1444 622 ἑξασύλλαβοι
1484 563 1936 622 ἑξηκοντατέσσαρες.

253 631 340 675 εἰσὶ
371 631 421 674 δὲ
457 630 500 674 οὶ
531 630 702 681 πάντες
734 629 800 684 δ’,
833 629 899 686 η’,
933 630 1016 684 ις’,
1048 629 1138 688 λβ’,
1172 629 1244 683 ξδ’
1278 631 1360 674 καὶ
1391 628 1603 688 γίνονται
1635 630 1755 686 ρκδ’.

362 695 493 742 ’Έστι
533 698 583 742 δὲ
624 697 704 742 καὶ
744 696 854 753 ἄλλη
894 695 1119 753 μέθοδος,
1161 695 1323 748 οὕτως·
1368 696 1391 740 ὁ
1425 697 1628 753 ἀριθμὸς
1658 705 1748 742 τῶν
1781 697 1940 742 ἁπλῶν

251 765 411 808 ποδῶν
444 765 626 807 δώδεκα
658 762 1141 819 πολυπλασιαζόμενος
1172 761 1247 819 ἐφ’
1278 763 1445 808 ἑαυτὸν
1477 772 1604 808 ποιεῖ
1624 763 1706 808 τὸν
1730 765 1939 821 ἀριθμὸν

251 838 342 874 τῶν
376 829 507 886 ρμδ’·
553 828 810 879 δωδεκάκις
850 828 937 885 γὰρ
971 830 1152 873 δώδεκα
1187 827 1398 886 γίνονται
1430 829 1553 886 ρμδ’.
1617 837 1715 881 πῶς
1746 829 1831 875 οὖν
1863 834 1939 876 λυ-

253 897 449 951 θήσεται
480 897 532 940 τὸ
572 896 872 952 ζητούμενονς
916 902 1014 947 πῶς
1045 895 1091 940 οἱ
1122 895 1205 952 μὲν
1235 897 1345 947 τοὺς
1376 895 1633 949 συνθέτους
1665 897 1758 955 ριβ’
1794 898 1940 954 φασὶν

252 963 295 1007 οἱ
336 964 386 1007 δὲ
428 962 553 1019 ρμδ’;
595 962 748 1019 φαμὲν
783 961 852 1006 ὅτι
890 962 1007 1018 πρὸς
1046 962 1129 1018 μὲν
1159 963 1243 1019 τὴν
1275 964 1463 1020 πρώτην
1495 963 1704 1020 μέθοδον
1734 971 1825 1009 τῶν
1856 979 1941 1008 πο-

251 1031 369 1083 δῶν,
416 1030 501 1086 τὴν
541 1028 790 1086 γινομένην
831 1028 879 1072 ἐκ
918 1034 1000 1084 τῆς
1041 1028 1305 1084 προτάξεως
1341 1036 1423 1086 τῆς
1462 1034 1662 1087 διφυοῦς
1700 1032 1940 1089 συλλαβῆς,

251 1093 386 1152 μόνοι
425 1095 498 1154 λβ’
542 1096 656 1139 εἰσὶν
697 1095 741 1139 οὶ
781 1095 1169 1152 πεντασύλλαβοι,
1210 1096 1259 1139 ἐκ
1297 1103 1390 1140 τῶν
1429 1096 1804 1155 τετρασυλλάβων
1837 1101 1940 1142 συλ-

251 1164 367 1220 λαβῇ
401 1161 804 1219 παραυξηθέντες·
838 1162 956 1216 πρὸς
987 1161 1038 1205 δὲ
1070 1161 1154 1218 τὴν
1187 1161 1410 1218 δευτέραν
1442 1162 1667 1220 μέθοδον,
1698 1163 1782 1220 τὴν
1815 1181 1940 1222 γινο-

252 1228 395 1286 μένην
428 1230 476 1274 ἐκ
508 1236 590 1286 τῆς
622 1228 885 1279 συνθέσεως
913 1236 1006 1272 τῶν
1034 1228 1208 1283 ἁπλῶν,
1242 1229 1359 1274 εἰσὶν
1384 1229 1429 1274 οἱ
1452 1230 1818 1288 πεντασύλλαβοι
1842 1230 1938 1284 ξδ’·

251 1295 278 1352 ἢ
320 1297 406 1354 γὰρ
448 1296 492 1340 οἱ
530 1296 745 1351 τέσσαρες
783 1295 1050 1353 δισύλλαβοι
1090 1296 1164 1340 ἐπὶ
1203 1297 1311 1347 τοὺς
1349 1296 1398 1353 η’
1431 1297 1759 1356 τρισυλλάβους
1798 1300 1939 1342 πολυ-

251 1363 603 1420 πλασιαζόμενοι
651 1369 835 1407 ποιοῦσι
883 1361 956 1420 λβ’
1001 1362 1229 1418 (τετράκις
1267 1361 1316 1419 η’
1358 1361 1567 1420 γίνονται
1605 1363 1697 1422 λβ’>
1736 1362 1764 1420 ἢ
1806 1363 1851 1407 οἱ
1889 1363 1938 1421 η’

249 1430 542 1488 τρισύλλαβοι
574 1431 650 1475 ἐπὶ
674 1431 781 1480 τοὺς
805 1429 852 1473 δ’
882 1427 1185 1487 δισυλλάβους
1215 1428 1693 1487 πολυπλασιαζόμενοι
1722 1437 1941 1475 ποιοῦσιν

252 1496 417 1547 ἄλλους
445 1496 519 1555 λβ’
554 1496 760 1553 (ὀκτάκις
790 1495 878 1554 γὰρ
903 1494 1118 1551 τέσσαρες
1149 1494 1359 1552 γίνονται
1383 1496 1497 1555 λβ’)·
1532 1497 1611 1540 καὶ
1635 1495 1845 1553 γίνονται
1869 1498 1942 1547 δὶς

252 1562 324 1620 λβ’
360 1562 448 1616 ξδ’.
515 1562 682 1607 αὐτίκα
714 1570 829 1621 γοῦν
860 1569 941 1606 τοῦ

595 1629 726 1674 ’Ήλιε
757 1633 900 1680 θοαῖς
932 1627 1117 1672 ἵπποισι
1149 1629 1271 1685 (Eur.
1297 1630 1468 1673 Phoen.
1497 1633 1539 1686 3)

251 1698 335 1753 τὴν
382 1699 569 1754 πρώτην
617 1695 839 1742 διποδίαν
887 1697 966 1739 καὶ
1015 1696 1240 1753 ἰαμβικῶς
1278 1697 1358 1740 καὶ
1397 1705 1653 1755 τροχαϊκῶς
1693 1697 1941 1753 δυνάμεθα

252 1767 436 1818 διελεῖν,
470 1764 602 1823 <ὡς>
637 1763 852 1820 εἴπαμεν,
895 1761 963 1807 ὅτι
995 1763 1040 1806 οἱ
1071 1764 1435 1821 πεντασύλλαβοι
1468 1766 1637 1820 διπλῆν
1671 1763 1827 1822 ἔχουσι
1857 1763 1942 1820 τὴν

253 1829 506 1886 διαίρεσιν,
553 1832 634 1875 καὶ
674 1828 918 1888 συμβαίνει
958 1831 1127 1881 αὐτοὺς
1160 1826 1283 1873 εἶναι
1324 1828 1413 1882 ξδ’.
1486 1830 1622 1874 Εἰσὶν
1662 1828 1746 1874 οὖν
1784 1846 1942 1884 τετρα-

255 1898 472 1956 σύλλαβοι
506 1897 589 1951 ις’,
621 1898 989 1955 πεντασύλλαβοι
1019 1895 1110 1954 λβ’,
1144 1894 1311 1952 ὁμοίως
1344 1896 1642 1955 ἑξασύλλαβοι
1674 1897 1763 1952 ξδ’,
1796 1898 1842 1942 οἳ
1873 1897 1941 1955 γί-

253 1981 416 2008 νονται
450 1964 560 2023 ριβ’.
595 1992 650 1996 -
684 1963 783 2007 ἀλλ’
814 1964 938 2008 εἴποι
970 1979 1055 2014 τις·
1091 1971 1189 2014 πῶς
1221 1961 1305 2006 οὖν
1337 1963 1417 2006 καὶ
1450 1962 1494 2007 οἱ
1526 1963 1824 2022 ἑξασύλλαβοι
1857 1966 1942 2022 οὐχ

253 2029 533 2087 ὑφίστανται
563 2031 646 2082 τὰς
677 2030 724 2089 β’
760 2030 1008 2086 διαιρέσεις
1047 2030 1112 2080 εἰς
1142 2029 1470 2088 τρισυλλάβους
1501 2030 1586 2073 δύο
1619 2031 1698 2073 καὶ
1731 2031 1942 2075 δισυλλά-

254 2099 365 2155 βους
397 2097 460 2155 γ’,
493 2096 519 2153 ἢ
553 2099 619 2148 εἰς
643 2098 919 2155 δισύλλαβον
945 2098 1025 2140 καὶ
1048 2096 1436 2155 τετρασύλλαβον;
1470 2095 1567 2140 ἀλλ’
1598 2098 1683 2141 οὐκ
1709 2097 1802 2141 ἔστι
1826 2099 1943 2148 ποὺς

253 2164 566 2219 τρισύνθετος,
600 2162 668 2208 ὅτι
700 2165 815 2221 μηδὲ
850 2161 1038 2220 συζυγία
1061 2162 1265 2218 τρίπους.
1327 2162 1469 2207 πάλιν
1494 2163 1545 2206 δὲ
1569 2164 1943 2222 τετρασύλλαβος,

257 2229 379 2282 ἅπαξ
413 2228 477 2275 ὢν
509 2231 749 2282 σύνθετος,
782 2229 943 2285 ἑτέραν
977 2230 1280 2274 ἐπισύνθεσιν
1313 2230 1398 2273 οὐκ
1430 2229 1637 2285 ἠδύνατο
1670 2237 1872 2286 ποιῆσαι.

375 2356 396 2392 1
423 2351 523 2417 του]
549 2351 600 2394 τὸ
620 2351 698 2407 ΚΙΙ
716 2355 740 2392 3
767 2351 846 2392 καὶ
863 2352 968 2406 (pr)
994 2363 1081 2392 om.
1095 2349 1163 2407 ΚΙ
1182 2348 1443 2403 δυναμενος
1469 2348 1535 2406 ΠΙΙ
1552 2353 1577 2391 5
1602 2350 1708 2404 post
1732 2347 1941 2407 γίνονται

254 2424 358 2467 add.
388 2425 431 2468 U
457 2427 510 2482 λβ
548 2427 561 2481 ΙΙ
603 2430 627 2467 6
661 2426 741 2468 καὶ
772 2422 1002 2481 γίνονται]
1036 2421 1249 2480 γίνονται
1281 2422 1332 2466 δὲ
1367 2423 1411 2466 U
1442 2425 1456 2478 ΙΙ
1496 2428 1521 2465 8
1554 2425 1712 2467 ποδῶν
1746 2438 1831 2467 om.
1861 2425 1906 2467 U
1930 2425 1943 2481 Ι

255 2483 455 2541 δώδεκα]
490 2484 679 2534 δεκακις
711 2485 765 2528 K
798 2487 811 2539 ΙΙ
852 2489 876 2526 9
908 2491 1000 2526 τῶν
1033 2483 1140 2526 fort.
1175 2482 1263 2526 del.
1301 2484 1306 2538 Ι
1347 2480 1558 2538 γίνονται
1590 2496 1676 2525 om.
1678 2484 1780 2557 UH
1807 2487 1859 2526 10
1894 2484 1944 2526 K

255 2555 341 2584 om.
375 2550 485 2596 πῶς,
518 2545 618 2586 tum
649 2542 805 2598 pergit
837 2542 880 2586 οἱ
912 2559 954 2597 μ.
983 2559 1069 2597 γαρ
1102 2558 1139 2584 τ.
1167 2541 1436 2597 σύμπαντας
1469 2543 1544 2607 ριβ
1576 2558 1623 2595 φ.
1651 2537 1772 2585 εἶναι
1801 2543 1806 2599 Ι
1835 2556 1942 2586 συν-

254 2599 423 2651 θέτους
440 2601 569 2645 Stud.
590 2602 689 2657 (sed
715 2602 876 2645 addito
903 2614 958 2643 ex
976 2601 1344 2656 Κσύμπαντας),
1371 2614 1455 2643 συν
1472 2600 1520 2642 in
1538 2599 1628 2643 fine
1652 2600 1852 2643 lineolae
1875 2601 1942 2658 ΠΙ

260 2664 309 2702 11
345 2660 498 2714 φαμὲν
531 2661 709 2717 scripsi,
743 2661 859 2715 φασὶ
891 2659 973 2715 μὲν
1006 2661 1058 2713 U,
1092 2674 1178 2703 om.
1207 2661 1259 2702 K
1289 2662 1302 2714 ΙΙ
1337 2664 1389 2702 15
1423 2660 1472 2702 in
1505 2660 1620 2702 εἰσὶν
1652 2658 1696 2702 οἱ
1728 2675 1815 2703 πεν
1847 2660 1944 2702 exit

257 2718 355 2760 cod.
385 2720 436 2762 K
464 2719 663 2775 f01.63*‘‚
696 2720 906 2776 proxima
937 2718 1052 2761 folia
1083 2719 1360 2762 inflex-ierunt
1387 2720 1409 2792 ΙΙ
1443 2723 1496 2760 18
1528 2720 1635 2767 τοὺς
1665 2718 1712 2772 S,
1745 2733 1831 2762 om.
1860 2719 1903 2762 U
1928 2718 1943 2777 ΙΙ

256 2781 312 2819 26
345 2794 412 2826 τις
444 2776 576 2879 gom>
612 2779 742 2822 Stud.
775 2781 788 2834 ΙΙ
825 2783 879 2820 27
915 2775 1195 2832 ὑφίστανται
1227 2777 1273 2831 S,
1306 2776 1562 2832 ὐφέρονται
1595 2778 1646 2831 U,
1678 2776 1942 2834 ὑποφέρον-

255 2852 331 2878 ται
366 2835 448 2879 Stu
521 2839 534 2892 ΙΙ
560 2842 614 2880 29
647 2837 788 2880 πάλιν
808 2864 861 2868 ——
881 2842 936 2879 30
970 2842 1163 2891 ποιῆσαι
1195 2837 1240 2889 S,
1273 2850 1360 2879 om
1390 2837 1434 2879 U
