2060 3168
741 225 811 266 111
840 225 986 266 ΠΕΡΙ
1015 223 1232 266 nomm
1722 222 1830 275 213

469 431 652 502 ιΠερὶ
693 433 1052 500 ὀνομασίας
1089 441 1216 486 τῶν
1254 434 1507 503 ποδῶνἼ

258 553 623 621 Πυρρίχιος
655 559 797 619 γοῦν
829 550 996 618 ἐστίν,
1030 551 1096 604 ὅν
1126 571 1272 614 τινες
1303 550 1394 604 καὶ
1425 555 1833 619 προκελευσμα-

57 639 112 679 58
145 632 300 684 τικὸν
337 636 629 700 καλοῦσιν,
677 631 705 685 ὁ
745 631 835 685 καὶ
874 634 1185 701 παρίαμβος
1223 632 1313 686 καὶ
1354 623 1574 702 ἡγεμὼν
1611 631 1690 703 ιἐκ
1731 633 1834 685 δύο

144 715 434 782 βραχειῶν,
475 714 764 785 δίχρονος,
828 713 1040 782 λέγεται
1074 714 1136 767 δὲ
1167 716 1476 783 πυρρίχιος,
1517 714 1601 767 ὅτι
1632 714 1834 783 βραχύ-

143 814 304 857 τατος
343 795 422 847 ὢν
459 795 549 848 καὶ
589 795 848 859 ὀξύτατος
888 793 1167 864 ἐφήρμοσε
1207 797 1441 863 μάλιστα
1479 803 1543 865 τῇ
1579 797 1832 867 συντόμῳ
1880 813 1900 845 5

143 878 357 944 κινήσει
396 885 491 945 τῆς
537 876 835 946 ὀρχήσεως,
882 876 953 944 ἢν
1000 879 1277 946 πυρρίχην
1317 877 1622 945 ὠνόμαζον,
1670 875 1702 944 ἢ
1744 877 1835 929 διὰ

143 959 205 1010 τὸ
248 958 355 1010 ὑπὸ
397 958 651 1026 Πύρρου,
691 965 810 1028 ιτοῦ
851 959 941 1010 καὶ
974 957 1387 1028 Νεοπτολέμου]
1425 966 1524 1010 τοῦ
1556 955 1836 1026 Ἀχιλλέως

145 1039 272 1091 υἱοῦ
329 1038 629 1108 εὑρεθῆναι
690 1042 788 1091 τόν
841 1058 898 1092 τε
951 1046 1050 1092 τοῦ
1106 1039 1277 1102 ποδὸς
1337 1038 1429 1092 καὶ
1483 1046 1581 1092 τοῦ
1636 1037 1837 1105 μέλους

143 1118 305 1188 <καὶ>
350 1129 445 1189 τῆς
491 1120 763 1190 ὀρχήσεως
811 1121 1059 1190 ῥυθμόν,
1105 1120 1138 1189 ἢ
1179 1121 1271 1174 διὰ
1309 1121 1370 1173 τὸ
1409 1121 1517 1173 ὑπὸ
1562 1119 1837 1189 Ἀχιλλέως

144 1202 291 1268 παρὰ
343 1210 406 1271 τῇ
458 1210 555 1255 τοῦ
610 1204 939 1271 Πατρόκλου
985 1209 1160 1272 πυρᾷ,
1214 1201 1247 1270 ἢ
1297 1203 1389 1254 διὰ
1434 1202 1536 1269 τὴν
1583 1202 1837 1270 σφοδρὰν
1862 1221 1905 1252 10

144 1285 363 1351 κίνησιν
417 1282 506 1335 καὶ
554 1285 800 1354 πυρώδη.
884 1287 1191 1353 παρίαμβος
1246 1283 1307 1336 δὲ
1361 1282 1389 1335 ὁ
1442 1283 1606 1346 αὐτὸς
1659 1286 1837 1335 καλεῖ-

144 1385 232 1416 ται
288 1365 380 1418 διὰ
434 1365 494 1417 τὸ
549 1367 696 1434 παρὰ
751 1363 848 1418 ἕνα
902 1367 1103 1434 χρόνον
1154 1371 1271 1427 ἶσος
1318 1358 1459 1417 εἶναι
1513 1371 1587 1436 τῷ
1639 1364 1835 1434 ἰάμβῳ·

145 1445 174 1498 ὁ
228 1446 330 1514 μὲν
384 1447 487 1515 γὰρ
543 1447 799 1516 δι’χρονός
850 1445 1024 1514 ἐστιν,
1086 1445 1114 1498 ὁ
1172 1446 1234 1499 δὲ
1290 1450 1484 1516 ἴαμβος
1534 1447 1837 1515 τρίχρονος.

145 1529 676 1595 προκελευσματικὸς
708 1525 767 1581 δὲ
801 1527 1006 1596 ἐκλήθη
1043 1527 1134 1580 καὶ
1167 1529 1384 1596 ἡγεμὼν
1417 1529 1508 1580 διὰ
1539 1529 1600 1580 τὸ
1633 1527 1837 1597 βραχύ-

145 1629 303 1671 τατος
344 1603 485 1662 εἶναι
523 1609 694 1663 πλέον
723 1611 928 1673 παντὸς
959 1611 1129 1672 ποδὸς
1160 1611 1250 1663 καὶ
1283 1611 1389 1680 πρὸ
1421 1611 1645 1663 πάντων
1677 1609 1836 1678 εὑρῆ-
1862 1627 1905 1660 15

146 1695 306 1758 σθαι,
355 1689 693 1744 ἀκολουθεῖν
731 1710 789 1744 τε
829 1692 975 1764 αὐτῷ
1010 1692 1188 1744 πάντα
1227 1693 1293 1745 τὰ
1331 1701 1442 1745 τῶν
1480 1693 1671 1744 ποδῶν
1710 1692 1838 1759 σχή-

146 1791 286 1838 ματα
318 1771 414 1823 ,καὶ
455 1771 677 1840 μεγέθη.

258 1862 625 1923 Σπονδεῖος
665 1861 729 1914 δέ
763 1860 934 1931 ιἐστιν
974 1861 1033 1914 ἐκ
1065 1863 1168 1914 δύο
1201 1871 1444 1931 μακρῶν,
1476 1861 1840 1931 τετράχονοςῌ

146 1934 268 1994 οἷον
315 1944 487 2010 φωνή.
567 1942 778 2008 λέγεται
827 1942 886 1995 δ’
925 1944 1099 2006 οὕτως
1147 1945 1239 1997 διὰ
1285 1945 1346 1996 τὸ
1392 1944 1627 2010 μάλιστα
1665 1961 1838 2012 παρα-

147 2023 527 2089 λαμβάνεσθαι
567 2024 645 2084 εἰς
684 2025 777 2086 τὰς
819 2025 1135 2093 ἱερουργίας
1174 2026 1265 2078 καὶ
1298 2026 1694 2087 σπονδοποιίας
1725 2033 1837 2076 τῶν
1862 2042 1907 2074 20

268 2218 290 2254 1
318 2212 379 2255 ad
402 2212 491 2256 hoe
510 2226 609 2269 cap.
630 2213 686 2256 cf.
707 2227 742 2257 e.
763 2229 806 2270 g.
825 2214 996 2258 schol.B
1019 2213 1184 2272 (lib.V)
1203 2229 1238 2258 e.
1259 2219 1328 2258 20.
1362 2214 1495 2258 Dion.
1515 2230 1561 2257 π.
1579 2230 1627 2258 π.
1644 2214 1721 2258 AV
1739 2218 1836 2257 161.

146 2271 231 2315 An.
260 2270 381 2315 Chis.
407 2271 498 2315 AV
524 2277 622 2315 205.
657 2273 742 2316 An.
769 2273 925 2317 Ambr.
952 2273 1043 2316 AV
1062 2279 1308 2317 222—230.
1344 2274 1459 2317 Mar.
1479 2273 1601 2317 vict..
1619 2273 1838 2326 V144,10

151 2334 281 2384 —48,
299 2335 368 2373 23.
413 2330 563 2374 Diom.
589 2331 609 2373 Ι
634 2336 734 2385 475,
754 2336 942 2386 9—481,
963 2338 1030 2377 12.
1073 2333 1174 2377 Ter.
1199 2333 1345 2377 Maur.
1365 2332 1429 2375 VI
1459 2348 1501 2378 v.
1531 2337 1835 2377 1359—1565.

147 2389 260 2432 Mar.
287 2389 405 2432 Plot.
425 2389 488 2432 VI
504 2395 605 2444 497,
623 2395 839 2445 13—499,
859 2397 928 2434 22.
970 2392 1041 2436 Ps.
1061 2391 1190 2436 Gens.
1210 2393 1273 2437 VI
1299 2397 1398 2445 611,
1418 2397 1575 2435 5—22.
1611 2392 1666 2435 cf.
1693 2391 1837 2435 Hoer-

148 2448 416 2492 schelmann
450 2449 516 2492 Ld
528 2450 575 2492 M
607 2465 651 2506 p.
679 2455 732 2493 29
754 2465 851 2507 sqq.
878 2453 892 2507 ΙΙ
919 2456 970 2494 11
1005 2450 1288 2510 παρίαμβος]
1322 2452 1436 2495 Mar.
1457 2451 1576 2495 vict.
1596 2451 1659 2494 VI
1682 2457 1761 2505 44,
1782 2454 1837 2494 14

265 2623 290 2660 2
332 2618 411 2662 Κ2
449 2619 499 2662 in
537 2635 629 2676 mg.
670 2619 832 2664 titulos
874 2620 1059 2664 addidit
1096 2622 1203 2676 περὶ
1241 2620 1510 2680 πυρριχίου,
1551 2622 1657 2676 περὶ
1696 2635 1838 2664 σπον-

147 2674 276 2722 δείου
309 2680 394 2720 etc
428 2692 511 2734 per
541 2681 692 2722 totum
725 2681 878 2735 eaput,
913 2680 1081 2723 omisso
1115 2680 1213 2724 solo
1237 2681 1456 2724 trochaeo
1485 2686 1490 2736 Ι
1519 2687 1633 2737 γοῦν
1658 2694 1745 2723 om.
1770 2680 1812 2723 U
1824 2681 1838 2735 Η

148 2741 173 2779 3
200 2734 251 2786 ὃς
277 2738 316 2782 U
336 2739 350 2793 ΙΙ
375 2742 400 2780 5
426 2736 632 2782 συντόνω
658 2739 700 2782 [s
720 2741 734 2795 ΙΙ
759 2746 783 2781 υ
816 2739 915 2796 τῆς]
948 2746 1043 2789 τοῖς
1074 2740 1117 2783 U
1136 2742 1150 2795 ss
1177 2745 1199 2783 7
1226 2742 1276 2783 τὸ
1306 2741 1399 2783 ἀπὸ
1428 2742 1490 2793 Κ,
1522 2746 1603 2782 τοῦ
1635 2739 1727 2782 ὑπὸ
1764 2740 1834 2794 Uss

148 2800 174 2838 ὃ
207 2794 311 2839 υἱοῦ
344 2796 560 2854 ἀχιλλέως
591 2799 646 2841 K
686 2799 700 2853 ΙΙ
749 2802 773 2840 9
806 2799 887 2840 καὶ
920 2798 1024 2842 add.
1053 2798 1271 2842 Hoersch.
1312 2801 1326 2855 ΙΙ
1368 2805 1421 2842 10
1454 2799 1539 2842 lac.
1573 2800 1680 2854 post
1711 2801 1838 2873 πυρᾷ

147 2854 242 2898 ind.
274 2854 516 2908 Hoersch„
563 2857 644 2900 sed
685 2857 928 2913 supplend.
963 2858 1146 2901 videtur
1184 2860 1414 2913 εὑρῆσθαι
1467 2860 1482 2914 Η
1537 2862 1589 2900 11
1634 2856 1657 2900 ὁ
1699 2857 1839 2907 αὐτὸς

148 2927 235 2956 om.
262 2913 338 2970 ΠΙΙ
365 2919 417 2956 12
451 2913 532 2958 ἴσω
561 2916 634 2971 Ul!
662 2921 715 2958 14
747 2917 1230 2971 παρακελευσματικὸς
1260 2918 1303 2961 U
1329 2919 1343 2973 ΙΙ
1378 2922 1430 2960 16
1455 2918 1737 2960 ἀκολουθεῖν
1769 2916 1836 2973 τε]

149 2972 404 3016 ἀκολουθεῖ
434 2971 477 3016 δ’
510 2975 592 3030 K}
620 2974 733 3018 αὐτὸ
767 2976 821 3018 K
840 2977 854 3031 ΙΙ
881 2981 933 3018 19
965 2973 1163 3033 λέγεται]
1195 2976 1311 3030 πρὸς
1341 2976 1615 3033 ἀγορεύεται
1649 2977 1694 3020 U
