2060 3168
240 184 350 236 390
995 186 1173 227 TPIXA

245 322 392 362 Τοῦτο
433 317 484 363 δὲ
524 318 604 362 καὶ
641 315 918 361 Φαλαίκειον
949 315 1149 374 λέγεται,
1188 325 1268 362 τοῦ
1301 326 1497 375 ποιητοῦ
1536 319 1770 365 Φαλαίκου
1803 323 1928 364 πλει-

240 383 400 436 στάκις
431 385 556 444 αὐτῷ
580 381 885 443 χρησαμένου.
913 409 966 415 -
998 383 1061 427 Τὸ
1094 384 1414 441 ἀκατάληκτον
1443 385 1494 430 δὲ
1524 385 1779 443 τρίμετρον,
1813 385 1926 431 ὅταν

238 450 323 506 τὴν
354 449 622 495 τελευταίαν
654 449 802 507 μόνην
835 450 914 508 ἔχῃ
949 450 1184 507 ἰαμβικήν,
1215 451 1298 502 τὰς
1321 452 1410 506 πρὸ
1445 453 1588 509 αὐτῆς
1612 452 1663 497 δὲ
1687 453 1772 498 δύο
1798 454 1927 497 ἀντι-

241 517 510 572 σπαστικοὲς,
538 515 917 572 Ἀσκληπιάδειον
949 514 1127 573 λέγεται
1160 515 1262 561 οἷον

194 597 214 628 5
506 582 754 641 ἀφεγγέσσι
787 581 1050 638 φαείνοισα,
1084 582 1310 628 κέλευθον
1343 583 1417 628 αὖ.

239 653 391 710 πολλῷ
417 650 467 695 δὲ
498 655 560 711 τῷ
585 650 780 709 τοιούτῳ
804 649 884 692 καὶ
904 647 1111 701 Ἀλκαῖος
1134 657 1314 709 χρῆται.
1338 678 1397 684 -
1426 650 1677 709 Τρίμετρον
1702 652 1754 697 δὲ
1786 653 1925 708 ὑπερ-

238 716 527 774 κατάληκτον
561 716 629 772 εἴη
663 715 723 761 ἂν
754 715 806 760 τὸ

506 783 600 843 ὁδῷ
625 780 670 828 δ’
700 782 769 827 εἰν
802 781 959 842 ἀβάτῳ
990 783 1071 826 καὶ
1102 781 1217 839 παρ’
1246 784 1488 841 ἐρήμαισιν
1520 785 1598 830 ὤν.

239 850 319 893 καὶ
350 848 565 907 τρίμετρα
597 848 680 906 μὲν
712 856 872 892 ταῦτα.

170 929 213 960 10
361 916 720 974 Τετράμετρα
753 914 818 970 δέ,
850 917 1189 973 καταληκτικὸν
1213 915 1312 973 μέν,
1343 924 1435 962 τῶν
1459 916 1776 974 προκειμένων
1802 919 1925 963 ἐπῶν

239 982 432 1028 ἕκαστον
467 984 527 1035 ὡς
557 984 608 1027 τὸ

502 1053 752 1101 πολεῦντος
782 1049 955 1094 πότνιά
986 1066 1069 1106 μευ
1101 1049 1399 1106 παρομαρτευ
1434 1049 1698 1107 ἐπίκουρος·

236 1114 260 1160 ὃ
295 1116 351 1172 δὴ
385 1117 465 1160 καὶ
495 1115 714 1172 καθαρόν
747 1116 839 1160 ἐστι
870 1117 951 1160 καὶ
981 1124 1079 1168 τοῖς
1109 1119 1325 1167 παλαιοῖς
1347 1125 1564 1173 ποιηταῖς
1587 1125 1800 1162 τοιοῦτον
1825 1116 1924 1160 ἐπι-

235 1183 490 1238 τηδεύεται,
525 1210 580 1215 -
610 1180 943 1239 Ἀκατάληκτον
977 1182 1028 1227 δὲ
1059 1181 1362 1239 τετράμετρόν
1396 1183 1518 1227 ἐστιν
1552 1181 1654 1228 οἷον
1685 1184 1736 1227 τὸ

171 1261 213 1293 15
505 1253 755 1300 πολεῦντος
784 1248 957 1293 πότνιά
987 1266 1071 1305 μευ
1104 1249 1400 1305 παρομάρτευ
1433 1248 1679 1306 ἐπίκουρος
1710 1248 1780 1294 εὖ·

237 1315 260 1361 ὃ
294 1316 350 1372 δὴ
384 1315 529 1373 μόνον
563 1317 653 1375 ἔχει
684 1316 768 1372 τὴν
799 1313 1067 1360 τελευταίαν
1100 1314 1325 1360 ὃιποὸίαν
1358 1316 1593 1374 ἰαμβικήν,
1625 1318 1734 1368 τοὺς
1758 1317 1809 1362 δὲ
1834 1317 1924 1372 πρὸ
1957 1319 2030 1374 (28

233 1383 404 1440 ταύτης
427 1382 770 1434 ἀντισπάστους
792 1382 1049 1437 καθαρούς.
1105 1383 1184 1426 καὶ
1210 1380 1322 1427 ὅταν
1353 1390 1565 1427 τοιοῦτον
1599 1376 1638 1442 ᾖ,
1669 1383 1923 1439 Σαπφικὸν

235 1449 715 1507 ἑκκαιδεκασύλλαβον
743 1448 1028 1506 ὀνομάζεται.
1085 1449 1165 1492 καὶ
1190 1447 1399 1500 Ἀλκαῖος
1430 1448 1482 1493 δὲ
1508 1449 1531 1492 ὁ
1557 1449 1749 1506 ποιητὴς
1771 1453 1923 1510 πολλῷ

234 1516 380 1575 τούτῳ
415 1515 651 1575 ἐχρήσατο.
677 1543 733 1548 -
755 1515 1071 1572 Τετράμετρον
1104 1514 1155 1560 δὲ
1187 1515 1594 1572 ὑπερκατάληκτόν
1627 1516 1720 1560 ἐστι
1745 1514 1846 1561 οἷον
1869 1517 1921 1561 τὸ

167 1594 209 1626 20
502 1582 596 1643 ὁδῷ
629 1580 674 1626 δ’
708 1583 776 1627 εἰν
816 1581 975 1641 ἀβάτῳ
1014 1582 1094 1625 καὶ
1128 1579 1241 1638 παρ’
1273 1582 1513 1639 ἐρήμαισιν
1545 1582 1804 1642 (ἀρούραι-

1300 1649 1409 1708 σιν>
1444 1648 1521 1693 ὤν.

233 1723 368 1760 τοῦτο
414 1715 463 1761 δὶ-
508 1717 588 1760 καὶ
627 1716 893 1773 Σιμμιακὸν
938 1714 1232 1772 ὀνομάζεται,
1273 1716 1335 1767 ὡς
1373 1714 1577 1773 Σιμμίου
1619 1722 1701 1760 τοῦ
1739 1714 1921 1761 Ῥοδίου

234 1781 526 1840 χρησαμένου
576 1784 707 1843 αὐτῷ
771 1783 866 1826 Καὶ
912 1782 1042 1838 ἡμεῖς
1081 1781 1164 1838 μὲν
1204 1781 1322 1838 πέρα
1361 1790 1453 1826 τῶν
1490 1781 1741 1839 τριμέτρων
1780 1800 1922 1826 κατα-

233 1851 459 1904 ληκτικῶν
491 1851 546 1894 οὐ
579 1848 860 1908 προέβημεν,
902 1848 982 1893 διὰ
1016 1849 1067 1892 τὸ
1102 1847 1437 1905 ἐπισημότατον
1471 1846 1593 1893 εἶναι
1624 1850 1674 1893 τὸ
1706 1856 1921 1894 τοιοῦτον

167 1927 209 1957 25
234 1916 452 1972 καθαρὸν
486 1915 887 1973 ἐπιτηδευόμενον.

353 1983 461 2026 Εἰσὶ
494 1983 544 2028 δὲ
576 1983 656 2027 καὶ
688 1981 1046 2039 πεντάμετροὲ
1077 1999 1197 2035 τινα,
1231 1981 1546 2038 καταληκτικά
1569 1999 1615 2026 τε
1640 1983 1720 2026 καὶ
1745 1982 1920 2026 ἀκατά-

231 2051 391 2105 ληκτα,
425 2046 488 2094 ὧν
520 2050 571 2093 τὸ
605 2049 941 2105 ἀκατάληκτον,
983 2049 1057 2092 ἐπὶ
1087 2047 1245 2099 τέλους
1277 2048 1497 2106 ἰαμβικὴν
1531 2047 1754 2094 διποὸίαν
1787 2049 1919 2107 δεχό-

233 2131 391 2171 μενον,
416 2113 656 2160 Ἀλκαϊκὸν
691 2115 982 2172 ὀνομάζεται·
1017 2114 1237 2173 κέχρηται
1269 2115 1356 2172 γὰρ
1387 2117 1534 2174 τούτῳ
1553 2113 1771 2167 Ἀλκαῖος.
1826 2116 1918 2160 ἔστι

234 2180 284 2225 δὲ
314 2189 527 2226 τοιοῦτον
561 2179 663 2226 οἷον
693 2182 745 2226 τὸ

162 2258 209 2290 30
501 2249 595 2309 ὁδῷ
622 2246 667 2293 δ’
697 2249 766 2293 εἰν
799 2249 956 2308 ἀβάτῳ
989 2249 1068 2292 καὶ
1098 2246 1213 2304 παρ’
1251 2247 1493 2305 ἐρήμαισιν
1525 2249 1771 2305 ἀρούραισι

1299 2313 1465 2370 φάεινέ
1494 2331 1585 2372 μοι.

232 2381 325 2424 Καὶ
357 2383 463 2437 περὶ
495 2382 576 2439 μὲν
609 2384 970 2427 ἀντισπαστικοῦ
1004 2383 1138 2436 ἀρκεῖ
1166 2388 1382 2426 τοσαῦτα.

959 2529 1067 2586 Cap.
1095 2530 1190 2572 VII.

536 2610 593 2663 ζ’.
636 2612 776 2666 Περὶ
809 2611 1044 2655 ἰωνικοῦ
1077 2617 1173 2654 τοῦ
1207 2610 1314 2653 ἀπὸ
1348 2609 1617 2667 μείζονος.

164 2700 209 2732 35
342 2687 514 2746 ’Ὠσπερ
561 2692 611 2735 τὸ
657 2692 874 2749 ἰαμβικὸν
921 2691 1087 2748 μέτρον
1127 2689 1445 2747 ἀντικείμενον
1486 2687 1542 2747 ἦν
1582 2695 1644 2751 τῷ
1676 2696 1915 2752 τροχαϊκῷ,

237 2753 304 2799 ὅτι
343 2758 393 2801 τὸ
433 2759 515 2813 μὲν
555 2758 648 2802 ἀπὸ
689 2757 908 2816 βραχείας
948 2757 1107 2814 ἤρχετο
1140 2758 1219 2800 καὶ
1250 2756 1497 2814 κατέληγεν
1530 2758 1597 2808 εἰς
1626 2757 1830 2813 μακράν,
1861 2760 1913 2803 τὸ

233 2932 265 2974 ἀ
352 2879 375 2948 J
412 2874 639 2977 φοῖἓέαικος
671 2877 775 2920 PK
794 2878 808 2932 ΙΙ
834 2881 858 2918 3
894 2876 983 2932 ἔχει
1014 2877 1097 2931 ΚΗ
1123 2881 1177 2918 28
1212 2874 1298 2931 γὰρ
1333 2877 1395 2929 Κ,
1429 2875 1479 2919 δὲ
1505 2877 1549 2919 Ρ
1570 2878 1584 2932 ΙΙ
1609 2879 1662 2917 32
1696 2876 1830 2930 ἀρκεῖ
1859 2878 1913 2931 Ρ,

270 2948 417 2987 ρκειτο
