2090 3158
266 173 370 225 188
718 174 1027 216 ΓΕῼΡΓΙΟΤ
1058 174 1498 216 ΧΟΙΡΟΒΟΣΚΟΤ

263 308 430 376 αὐτῆς
475 310 716 377 τρόπους
762 308 852 360 καὶ
902 308 1174 376 διαφορὰς
1222 305 1286 374 ε’,
1338 307 1401 370 ἃς
1447 307 1537 360 καὶ
1578 307 1606 360 ὁ
1646 309 1951 370 Διονύσιός
2032 332 2034 335 ’
2082 286 2085 290 ⁴

263 403 399 458 φησι
438 390 604 459 ιπάνυ
645 398 841 458 σαφεῖς
881 391 1080 459 οὔσας]

374 475 479 524 Δεῖ
519 471 579 523 δὲ
619 475 987 538 σημειοῦσθαι
1027 471 1110 522 ὅτι
1149 469 1456 540 παραφέρει
1489 472 1567 532 εἰς
1606 471 1950 540 παράδειγμα
1981 462 2090 538 (101ξ

264 554 540 620 συλλαβῆς
587 551 818 620 ἐχούσης
865 554 1040 620 βραχὺ
1090 560 1314 620 φωνῆεν
1354 550 1770 620 ἐπιφερομένων
1811 552 1951 620 ἀὐτῇ

219 653 238 685 5
264 634 367 686 δύο
401 635 720 702 συμφώνων
751 642 846 701 τῆς
871 631 1055 701 ἑτέρας
1080 636 1357 702 συλλαβῆς
1379 634 1440 685 τὸ
1453 631 1662 702 ““Έκτωρ
1690 631 1762 703 (p.
1777 631 1953 702 2,15)‚

263 715 410 766 πάνυ
452 715 747 782 ἁρμοδίως·
788 713 893 766 άπὸ
935 715 1038 781 γάρ
1079 721 1179 766 τοῦ
1212 711 1315 782 ἔχω
1348 712 1448 777 ἔξω
1489 714 1738 782 γέγονεν,
1779 713 1807 767 ὁ
1839 713 1954 783 ἐχό-

261 815 426 863 μενος
474 796 562 848 καὶ
611 795 1151 863 ἀντιλαμβανόμενος
1196 803 1291 863 τῆς
1339 798 1541 858 οἰκείας
1586 798 1809 858 πόλεως.
1886 796 1952 848 οὐ

262 878 366 945 γάρ
408 875 558 929 ἐστιν
599 876 702 929 ἀπὸ
743 884 837 944 τῆς
878 876 935 929 ἐκ
975 875 1311 945 προθέσεως,
1350 877 1442 930 ἵνα
1476 897 1558 939 τις
1588 877 1862 945 ὑπολάβοι
1892 877 1953 930 τὸ

263 960 295 1010 οἳ
328 951 469 1011 εἶναι
501 959 634 1024 μετὰ
665 966 763 1011 τοῦ
791 965 814 1009 ἑ
849 958 939 1010 καὶ
963 959 1064 1026 τὴν
1087 960 1206 1028 W
1232 959 1513 1027 συλλαβὴν
1544 956 1659 1010 κατ’
1694 959 1856 1011 ἰδίαν.
1884 990 1953 995 --

197 1060 238 1091 10
263 1041 366 1108 [Tea
407 1037 468 1092 δὲ
508 1041 672 1092 λοιπὰ
711 1040 1127 1108 παραδείγματα
1166 1040 1452 1110 πρόδηλαἼ

706 1233 869 1301 Περὶ
908 1240 1134 1300 κοινῆς
1173 1235 1513 1300 συλλαβῆς.

376 1353 534 1416 Κοινὴ
591 1354 822 1417 ςυλλαβὴ
879 1353 1081 1414 γίνεται
1136 1353 1271 1404 κατὰ
1324 1353 1560 1417 τρόπους
1614 1355 1775 1418 τρεῖς·
1835 1351 1953 1415 ἤτοι

262 1432 394 1485 ὅταν
443 1434 722 1503 διφθόγγῳ
770 1435 801 1497 ἢ
844 1439 1025 1503 μακρῷ
1067 1435 1339 1499 φωνήεντι
1378 1435 1409 1497 ἢ
1453 1435 1799 1502 μηκυνομένῳ
1843 1434 1952 1485 ἐπι-

263 1516 489 1580 φέρηται
531 1519 766 1582 φωνῆεν,
807 1514 926 1567 οἷον

197 1614 238 1646 15
413 1596 583 1661 ἄνδρα
625 1614 710 1660 μοι
752 1597 958 1658 ἔννεπε,
998 1600 1199 1665 ιμοῦςα,
1240 1597 1300 1648 ὃς
1339 1598 1518 1649 πολλὰ

410 1678 678 1742 πλάγχθη,
736 1678 851 1730 ἐπεὶ
905 1678 1097 1742 Τροίης
1157 1678 1304 1743 ἱερὸν
1359 1679 1678 1742 πτολίεθρον
1734 1678 1952 1742 ἕπερςεν

1333 1760 1390 1826 (α
1419 1759 1462 1811 l.
1489 1760 1568 1826 2)-

410 1844 507 1892 τοῦ
547 1842 675 1905 κέρα
717 1841 773 1892 ἐκ
813 1843 1051 1905 κεφαλῆς
1093 1841 1520 1905 ἑκκαιδεκάδωρα
1561 1841 1635 1907 (Δ
1664 1840 1791 1906 109)
1795 1879 1825 1910 J.

376 1923 572 1983 Καλῶς
613 1922 713 1990 οὐχ
754 1922 990 1983 ὡρίσατο
1027 1923 1127 1990 τὴν
1159 1923 1354 1990 κοινὴν
1387 1924 1683 1990 συλλαβήν.
1747 1921 1814 1974 οὐ
1846 1922 1950 1989 γὰρ

197 2022 239 2053 20
265 2000 433 2070 ἔστιν,
474 2002 610 2054 ἀλλὰ
642 2005 866 2070 γίνεται.
927 2011 1039 2055 τῶν
1072 2003 1132 2055 δὲ
1162 2003 1234 2071 μὴ
1269 2005 1448 2056 ὄντων
1481 2003 1547 2055 οὐ
1581 2004 1665 2055 δεῖ
1694 2000 1953 2070 παρέχειν

265 2084 432 2153 ὅρους
480 2084 551 2145 ὡς
599 2086 790 2136 ὄντων.
871 2083 931 2135 ἐν
977 2083 1123 2156 μέσῳ
1172 2081 1232 2136 δὲ
1279 2083 1488 2153 ἀμφοῖν
1534 2082 1752 2152 κειμένη
1794 2083 1952 2150 κοινὴ

263 2166 748 2234 προσαγορεύεται.

370 2245 575 2298 Ἰστέον
615 2244 674 2298 δ’
715 2247 797 2299 ὅτι
839 2246 1118 2315 ὁρίζονταί
1151 2266 1297 2309 τινες
1337 2247 1511 2314 αὐτὴν
1551 2246 1746 2308 οὕτως·
1794 2247 1953 2313 κοινή

264 2326 378 2380 ἐστι
436 2328 681 2394 συλλαβὴ
737 2326 1040 2395 ἀμφίδοξος
1097 2331 1371 2396 συλλαβῆς
1424 2329 1681 2394 δύναμις,
1735 2329 1768 2396 ἣ
1815 2327 1953 2395 πρὸς

197 2427 240 2459 25
266 2408 546 2477 ἀμφότερα
598 2409 829 2460 δύναται
883 2410 1288 2477 λαμβάνεσθαι,
1344 2415 1417 2481 τῷ
1468 2409 1528 2461 δὲ
1576 2406 1952 2476 εΗφαιστίωνι

383 2572 529 2611 3—10
563 2567 618 2611 of.
647 2570 863 2623 corrupta
896 2569 1070 2611 schol*
1087 2571 1254 2625 97,1οΗ
1274 2574 1326 2611 21
1355 2568 1529 2612 schol&
1547 2572 1755 2622 98‚1-3.
1791 2566 1949 2610 Choer.

268 2632 365 2681 196,
385 2632 409 2669 9
429 2642 527 2683 sqq.
579 2626 719 2670 schol.
754 2627 803 2668 in
835 2627 968 2669 Dion.
996 2627 1101 2670 Thr.
1131 2632 1230 2681 349,
1250 2632 1303 2670 33

386 2751 406 2788 1
444 2745 697 2802 διαφορὰς]
732 2744 961 2799 ἐπιφορὰς
987 2746 1028 2789 U
1047 2747 1061 2801 ΙΙ
1087 2750 1111 2787 3
1144 2745 1383 2801 περιφέρει
1407 2746 1461 2788 Κ
1480 2747 1493 2801 ΙΙ
1517 2749 1544 2787 4
1570 2743 1797 2800 συλλαβὴν
1822 2742 1950 2800 ἔχου-

266 2819 352 2848 σαν
386 2806 438 2848 K
484 2806 490 2860 Ι
533 2802 882 2875 ἐπιφερομένην
907 2805 960 2846 K
1001 2807 1014 2859 Η
1054 2809 1079 2847 5
1110 2806 1209 2861 τῆς]
1244 2805 1292 2848 ἐκ
1324 2810 1406 2859 τῆς
1436 2805 1482 2874 U
1515 2805 1529 2859 ΙΙ
1568 2808 1593 2846 8
1627 2803 1740 2860 ἀπὸ]
1775 2802 1825 2846 ἐκ
1858 2803 1911 2845 Κ
1940 2803 1947 2858 Ι

265 2862 474 2921 ὑπολάβη
508 2864 560 2906 Κ
592 2866 606 2918 ΙΙ
645 2868 696 2905 13
730 2860 996 2920 διφθόγγῳ]
1033 2864 1263 2918 συμφώνω
1297 2864 1350 2906 Κ
1389 2868 1393 2915 Ι
1434 2861 1460 2917 ἢ
1495 2863 1628 2918 (post
1662 2861 1709 2917 l.)
1743 2875 1829 2904 om.
1857 2862 1910 2904 K
1935 2863 1949 2918 ss

268 2928 321 2966 14
355 2923 562 2979 φωνῆεν]
597 2921 829 2977 φωνήεντι
865 2922 906 2964 L
926 2923 939 2976 Η
968 2928 1075 2964 19--
1084 2926 1181 2975 189,
1201 2927 1226 2965 5
1260 2936 1346 2964 om.
1384 2921 1426 2965 U

1986 1241 2090 1280 40·

1985 2252 2090 2307 (103
