2060 3168
212 174 320 227 286
800 178 1032 220 EXOAIA
1061 179 1099 219 Β
1134 177 1230 234 (lib.
1247 177 1305 232 V)

815 311 826 329 9
886 311 899 331 9
954 311 964 330 ἲ
1020 313 1031 331 Ι

209 413 341 445 κτον
373 394 401 446 ὃ
437 393 528 446 καὶ
561 393 952 461 ἀνακλώμενόν
984 407 1173 462 φασιν,
1213 391 1602 462 ἐπιδεχόμενον
1633 394 1694 447 δὲ
1724 395 1897 463 τομὴν

210 473 584 544 ἑφθημιμερῆ,
639 474 885 527 τουτέστι
942 474 1076 542 μετὰ
1129 476 1226 536 τὰς
1278 483 1424 543 τρεῖς
1474 476 1749 542 συλλαβὰς
1795 483 1895 528 τοῦ

208 556 471 625 δευτέρου
526 556 698 617 ποδὸς
745 555 1149 624 περαινομένην
1196 555 1320 624 [τὴν
1365 555 1561 624 τομὴν]
1611 557 1688 618 εἰς
1733 556 1896 626 μέρος

163 655 182 688 5
209 639 394 706 λόγου,
439 630 561 690 οἷον

355 718 548 787 ἀρετῆς
587 716 720 786 ἔργα
760 717 917 787 φέρει
956 715 1194 786 ἔμπονος
1231 719 1351 787 ἥβη.

206 810 319 859 ἔστι
361 805 409 860 δ’
443 809 530 860 ὅτε
570 805 660 859 καὶ
700 806 806 860 ἀπὸ
844 805 1150 876 χοριάμβου
1183 809 1402 876 ἄρχεται
1437 808 1465 861 ὁ
1498 816 1749 871 τοιοῦτος
1781 812 1892 862 στί-

204 905 319 956 χος·
372 885 486 941 εἶτα
533 886 642 957 ἔχει
688 890 787 941 τὸν
836 890 1063 941 ἰωνικὸν
1111 887 1200 941 ἀπ’
1240 887 1537 952 ἐλάσσονος
1583 891 1673 942 καὶ
1711 895 1891 943 τελευ-

203 979 361 1022 ταῖον
410 980 625 1023 παιῶνα
671 972 860 1039 τρίτον
906 970 937 1039 ἢ
984 971 1152 1023 πάλιν
1200 972 1425 1023 ἰωνικὸν
1464 969 1553 1023 ἀπ’
1594 970 1893 1034 ἐλάσσονος

137 1071 178 1102 ιο
204 1051 295 1103 διὰ
333 1052 393 1104 τὸ
434 1051 745 1120 ἀδιάφορον
784 1059 878 1119 τῆς
916 1055 1251 1120 τελευταίας,
1299 1053 1447 1104 καθὰ
1484 1060 1558 1124 τῷ
1593 1052 1729 1124 ἁγίῳ
1771 1057 1891 1105 Σω-

202 1135 416 1204 φρονίῳ
451 1131 738 1203 (Sophron.
766 1130 919 1203 XIV)
959 1133 1050 1185 καὶ
1090 1134 1276 1195 ἄλλοις
1317 1133 1690 1203 ἀρχαιοτέροις
1723 1135 1890 1202 δοκεῖ,

201 1206 322 1266 οἷον

349 1292 700 1354 Χριστιανῶν
738 1290 998 1358 μακάρων
1037 1287 1227 1342 ἔλθετε
1266 1290 1469 1352 παῖδες.

200 1378 289 1430 καὶ
331 1378 474 1430 οὕτω
514 1374 615 1444 μὲν
656 1375 714 1430 ἐκ
753 1387 922 1447 τριῶν
959 1379 1429 1447 τετρασυλλάβων.
1493 1379 1541 1430 εἰ
1581 1376 1641 1430 δὲ
1679 1380 1886 1447 βούλει,

133 1478 174 1510 15
201 1458 258 1511 ἐκ
307 1460 658 1526 δισυλλάβων
705 1458 785 1527 ἕξ,
833 1459 894 1512 ἐν
939 1459 1040 1528 μὲν
1079 1467 1143 1529 τῇ
1183 1461 1369 1529 πρώτῃ
1422 1461 1570 1530 χώρᾳ
1609 1462 1887 1529 τροχαίου,

199 1540 259 1593 ἐν
300 1541 360 1593 δὲ
406 1549 470 1610 τῇ
519 1539 749 1611 δευτέρᾳ
799 1541 1023 1609 ἰάμβου,
1076 1541 1135 1593 ἐν
1176 1538 1236 1593 δὲ
1275 1549 1339 1611 τῇ
1379 1545 1530 1610 τρίτῃ
1572 1543 1885 1611 πυρριχίου,

198 1621 259 1675 ἐν
299 1622 360 1674 δὲ
406 1630 470 1692 τῇ
517 1623 743 1692 τετάρτῃ
794 1624 1116 1690 σπονδείου,
1165 1621 1226 1675 ἐν
1267 1619 1327 1675 δὲ
1366 1631 1429 1691 τῇ
1470 1622 1678 1692 πέμπτῃ
1719 1624 1886 1676 πάλιν

196 1706 520 1774 πυρριχίου,
573 1703 632 1756 έν
682 1704 742 1757 δὲ
789 1713 852 1774 τῇ
901 1703 1024 1773 ἕκτῃ
1073 1707 1332 1773 τροχαίου
1381 1704 1412 1772 ἢ
1455 1705 1750 1757 σπονδείου
1793 1706 1884 1758 διὰ

197 1787 257 1838 τὸ
299 1786 623 1854 ἀδιάφορον.

129 1929 171 1960 20
968 1903 1112 1956 XVI.
1167 1905 1169 1907 ’

736 2007 898 2077 Περὶ
941 2009 1347 2076 συνιζήσεως.
1906 2019 2027 2077 (121)

306 2129 603 2195 Συνίζησίς
657 2126 770 2180 ἐστι
819 2128 1088 2194 σύλληψις
1135 2127 1237 2178 δύο
1287 2128 1580 2194 συλλαβῶν
1627 2128 1703 2190 εἰς
1749 2130 1880 2196 μίαν

195 2207 254 2259 ἐν
293 2215 366 2280 τῷ
401 2211 639 2275 βαίνειν,
687 2209 719 2277 ἢ
760 2209 861 2259 δύο
900 2217 1125 2274 μακρῶν
1165 2208 1242 2269 εἰς
1280 2209 1412 2276 μίαν
1450 2209 1665 2274 μακρὰν
1704 2209 1735 2277 ἢ
1775 2210 1876 2262 δύο

192 2290 463 2356 βραχειῶν
511 2290 586 2351 εἰς
640 2292 772 2357 μίαν
817 2290 1031 2358 μακρὰν
1079 2289 1110 2357 ἢ
1159 2290 1260 2341 δύο
1307 2291 1580 2357 βραχειῶν
1626 2291 1702 2352 εἰς
1746 2293 1878 2358 μίαν

126 2395 166 2426 25
192 2371 453 2437 βραχεῖαν
493 2369 524 2437 ἢ
566 2373 822 2439 βραχείας
866 2371 955 2422 καὶ
1003 2378 1211 2438 μακρᾶς
1251 2373 1328 2432 εἰς
1374 2372 1505 2437 μίαν
1545 2374 1804 2440 βραχεῖαν
1845 2371 1875 2439 ἢ

191 2460 301 2502 τῶν
349 2451 530 2503 αὐτῶν
577 2453 653 2514 εἰς
705 2455 838 2518 μιάν
891 2453 1106 2520 μακρὰν
1152 2451 1184 2519 ἢ
1231 2459 1440 2519 μακρᾶς
1485 2450 1574 2504 καὶ
1621 2454 1875 2520 βραχείας

192 2532 267 2592 εἰς
306 2535 437 2599 μίαν
476 2535 737 2602 βραχεῖαν
776 2532 807 2599 ἢ
849 2542 960 2585 τῶν
1000 2533 1182 2585 αὐτῶν
1223 2534 1298 2595 εἰς
1336 2535 1468 2601 μίαν
1505 2534 1733 2600 μακράν.

311 2696 363 2734 13
396 2692 544 2735 Praef.
580 2693 640 2735 ad
672 2692 806 2735 Dion.
834 2692 939 2735 Thr.
972 2708 1014 2748 p.
1042 2692 1231 2736 XXVIII

310 2813 334 2851 2
362 2808 385 2853 ὃ
411 2811 464 2863 Ζ,
498 2809 551 2854 ὃν
579 2811 624 2853 Y
645 2812 651 2866 Ι
680 2811 730 2854 δὲ
753 2812 850 2866 ΡΖ,
876 2811 926 2854 δὲ
951 2815 1034 2866 τὴν
1059 2812 1087 2854 k
1109 2813 1124 2867 Η
1149 2815 1174 2853 3
1201 2810 1427 2867 συλλαβὰς
1451 2824 1536 2853 om.
1558 2811 1635 2867 ῩΙΙ
1659 2815 1685 2852 4
1710 2826 1869 2865 περαι-

189 2866 400 2923 νόμενον,
433 2869 521 2912 del.
548 2885 614 2912 vv,
640 2869 724 2926 τὴν
755 2886 791 2912 τ.
819 2869 1035 2913 Hoersch.
1062 2872 1075 2926 ΙΙ
1101 2875 1124 2912 6
1160 2868 1291 2925 φέρει
1322 2882 1428 2925 app.
1463 2869 1612 2923 Dion„
1645 2868 1756 2924 φέρε
1790 2871 1837 2914 Y
1855 2872 1870 2926 ΙΙ

190 2931 243 2969 19
276 2927 327 2970 τὸ
361 2929 413 2981 Ζ,
445 2927 527 2982 τὴν
563 2929 608 2971 Y
