2060 3168
733 815 977 874 Liber
1027 816 1354 875 tertius,

546 942 836 1025 Ἐπιτομὴ
883 956 1013 1008 τῶν
1060 947 1240 1009 ἐννέα
1284 949 1548 1029 μέτρων.

828 1175 830 1177 ‚
984 1107 1100 1160 VII.

778 1227 941 1296 Περὶ
984 1229 1309 1296 ιάμβικοῦ.

151 1369 172 1399 5
315 1346 386 1398 Τὸ
436 1346 692 1414 ἰαμβικὸν
738 1345 940 1415 μέτρον
985 1347 1121 1398 κατὰ
1168 1347 1268 1414 μὲν
1306 1348 1367 1400 τὸ
1416 1347 1888 1418 περιφανέστατον
1921 1358 2042 1413 (148)

197 1427 369 1479 αὐτοῦ
410 1427 566 1496 μέχρι
607 1435 706 1480 τοῦ
747 1427 1039 1498 τριμέτρου
1079 1429 1317 1497 πρόεισι·
1361 1430 1495 1482 κατὰ
1537 1430 1598 1483 δὲ
1636 1431 1703 1482 τὰ
1741 1431 1889 1499 παρὰ

196 1518 310 1571 τοῖς
348 1513 601 1572 παλαιοῖς
641 1510 1002 1578 εὑρισκόμενα
1048 1510 1138 1561 καὶ
1177 1509 1348 1578 μέχρι·
1374 1517 1473 1563 τοῦ
1514 1510 1887 1581 πενταμέτρου

194 1589 540 1660 παραύξεται.
603 1591 835 1660 Δέχεται
877 1591 937 1644 δὲ
977 1590 1038 1643 ἐν
1077 1587 1179 1659 μὲν
1217 1600 1334 1653 ταῖς
1374 1601 1648 1660 περιτταῖς
1686 1593 1888 1662 χώραις

195 1674 324 1734 τοὺς
361 1671 522 1725 πέντε
560 1673 792 1734 τούτους
837 1673 1036 1740 πόδας,
1087 1675 1287 1741 ἴαμβον
1326 1682 1547 1741 χορεῖον
1586 1675 1887 1727 σπονδεῖον

130 1775 170 1807 ιο
196 1754 470 1806 δάκτυλον
524 1753 888 1820 ἀνάπαιστον,
943 1752 1005 1806 ἐν
1057 1754 1118 1806 δὲ
1171 1763 1290 1816 ταῖς
1345 1754 1556 1822 ἀρτιάις
1602 1757 1732 1817 τοὺς
1779 1754 1884 1808 ἀπὸ

194 1837 449 1903 βραχείας
481 1834 819 1903 ἀρχομένους
853 1835 1077 1901 πάντας,
1121 1837 1321 1902 ἴαμβόν
1352 1855 1492 1903 φημι
1525 1836 1613 1887 καὶ
1645 1826 1883 1905 χορεῖον,

193 1919 435 1978 σπανίως
483 1913 542 1969 δὲ
589 1915 679 1969 καὶ
727 1918 826 1970 τὸν
874 1916 1238 1983 ἀνάπαιστον,
1289 1917 1422 1968 κατὰ
1471 1917 1532 1969 δὲ
1576 1917 1696 1985 τὴν,
1722 1916 1884 1986 ἕκτην

194 1999 377 2066 χώραν
418 2001 618 2067 ἰάμβον
656 2000 830 2067 μόνον
869 1998 901 2067 ἢ
940 2001 1250 2067 πυρρίχιον.
1327 2000 1617 2066 τρίμετρον
1650 1995 1711 2051 δὲ
1749 1995 1882 2067 ἔφα-

191 2098 292 2144 μεν
331 2080 390 2131 τὸ
440 2078 494 2142 ἓξ
542 2077 670 2148 ἔχον
709 2081 888 2149 χώρας
929 2081 1209 2147 ἰαμβικόν,
1260 2079 1404 2130 καθὸ
1445 2080 1581 2131 κατὰ
1620 2080 1881 2133 διποὸίαν

126 2184 165 2213 15
191 2162 438 2226 βαίνεται
478 2160 632 2213 τουτὶ
671 2162 731 2214 τὸ
771 2161 973 2227 μέτρον
1011 2158 1102 2213 καὶ
1135 2160 1194 2211 τὸ
1227 2161 1535 2228 τροχαϊκόν.
1597 2157 1874 2228 Ὑφίσταν-

192 2262 279 2294 ται
319 2242 380 2295 δὲ
419 2242 524 2295 ἀπὸ
563 2244 766 2296 τούτου
806 2250 906 2295 τοῦ
946 2242 1146 2311 μέτρου
1186 2242 1321 2293 κατὰ
1363 2240 1659 2310 ἀφαίρεσίν
1693 2261 1750 2294 τε
1788 2241 1879 2295 καὶ

190 2325 499 2389 πρόσθεσιν
537 2325 846 2393 μονόμετρά
885 2343 942 2375 τε
979 2321 1070 2375 καὶ
1112 2323 1338 2389 δίμετρα
1376 2319 1464 2373 καὶ
1499 2323 1756 2391 τρίμετρα
1787 2321 1877 2375 καὶ

189 2405 517 2474 τετράμετρα
582 2404 671 2457 καὶ
734 2406 1087 2472 πεντάμετρα.
1187 2401 1501 2464 Άποθέσεις
1571 2399 1631 2454 δὲ
1693 2403 1878 2455 αὐτῶν

191 2484 347 2554 αἴπερ
387 2484 477 2538 καὶ
517 2487 763 2538 πάντων·
802 2485 892 2538 καὶ
935 2486 1036 2554 γὰρ
1071 2484 1103 2536 ἃ
1142 2482 1244 2552 μὲν
1284 2483 1468 2535 αὐτῶν
1499 2481 1649 2535 ἐστὶν
1681 2483 1876 2536 ἀκατά-
1909 2492 2029 2548 (149)

123 2588 164 2618 20
190 2570 380 2633 ληκτα,
429 2566 460 2618 ἃ
510 2568 570 2620 δὲ
617 2566 1085 2634 ὑπερκατάληκτα,
1134 2565 1165 2618 ἃ
1207 2562 1267 2618 δὲ
1305 2564 1691 2631 καταληκτικά,
1741 2563 1773 2616 ἃ
1814 2564 1875 2616 δὲ

189 2649 686 2715 βραχυκατάληκτα.

308 2811 329 2848 1
366 2807 422 2850 de
453 2807 541 2850 hoe
572 2807 692 2850 libro
726 2807 782 2849 cf.
816 2807 888 2850 Pr.
915 2812 1070 2863 38sq.;
1105 2806 1347 2861 excerptus
1379 2806 1450 2847 est
1482 2818 1509 2847 a
1541 2803 1710 2847 Tricha,

306 2946 331 2982 4
365 2940 469 2993 περὶ
504 2941 721 2997 ἰαμβικοῦ
757 2941 815 2994 Y3
850 2954 937 2983 om.
966 2941 1016 2982 X
