2060 3168
215 179 323 232 208
667 182 980 224 ΓΕΩΒΓΙΟΤ
1010 183 1452 224 ΧΟΙΡΟΒΟΣΚΟΤ

214 317 304 369 καὶ
352 317 452 385 τὴν
500 314 618 384 ἑξῆς
664 313 866 384 ἔχουσα
914 315 1016 368 ἀπὸ
1066 318 1383 384 φωνήεντος
1430 315 1766 386 ἀρχομένην,
1812 318 1902 370 καὶ

216 398 303 450 ὅτε
343 395 457 450 ἔστι
496 396 650 450 θέσει
691 399 869 466 μακρὰ
909 398 1012 449 δύο
1046 397 1364 466 συμφώνων
1395 395 1810 467 ἐπιφερομένων
1843 398 1904 452 ἐν

215 481 505 548 συλλήψει,
561 474 640 531 ὧν
689 479 749 530 τὸ
798 487 1017 546 πρῶτον
1065 479 1292 547 ἄφωνόν
1340 477 1478 546 ἐστι,
1531 480 1592 532 τὸ
1641 481 1903 550 δεύτερον

215 558 592 631 ἀμετάβολον).
671 559 810 612 ἀλλὰ
849 559 1097 628 λέγομεν,
1138 559 1219 612 ὅτι
1254 559 1504 627 εὐλόγως.
1585 560 1766 614 ἰστέον
1798 563 1901 631 γὰρ

168 641 298 699 5ὄτι
353 642 384 709 ἡ
439 642 619 711 μακρὰ
663 641 975 710 περιεκτική
1023 639 1136 692 ε’στι
1186 643 1444 709 βραχείας
1492 639 1574 712 (ἐκ
1623 643 1726 695 δύο
1774 649 1902 712 βρα-

213 732 377 791 χειῶν
423 723 526 791 γὰρ
575 719 907 792 σύγκειται),
957 721 1022 774 οὐ
1063 722 1172 790 μὴν
1210 723 1242 790 ἡ
1283 725 1509 792 βραχεῖα
1548 731 1643 792 τῆς
1681 733 1902 793 μακρᾶς.

213 804 302 856 καὶ
358 804 597 871 εὐλόγως
651 804 806 872 ἡμεῖς
858 810 1038 873 μακρᾷ
1093 802 1216 856 ἀντὶ
1270 806 1528 873 βραχείας
1573 808 1902 875 κεχρήμεθα,

214 886 314 938 οὐκ
355 883 587 952 ἔμπαλιν
628 885 689 937 δὲ
727 886 954 955 βραχείᾳ
993 882 1116 936 ἀντὶ
1155 891 1378 954 μακρᾶς.
1381 924 1399 955 J

949 1069 1072 1138 Cap.
1105 1068 1170 1122 Π.

145 1214 187 1245 10
672 1187 835 1259 Περὶ
877 1190 1449 1256 συνεκφωνήσεως.

324 1309 726 1373 Ευνεκφώνηείε
775 1309 899 1370 ἐστι,
953 1307 1093 1359 ὅπου
1144 1307 1208 1359 ἂν
1250 1308 1348 1359 δύο
1390 1311 1643 1373 (υλλαβαὶ
1684 1311 1899 1375 (ύμφω-

209 1408 307 1442 νον
368 1392 434 1455 μὴ
492 1391 705 1455 ἕχουεαι
762 1391 953 1454 μεταξὺ
1011 1389 1259 1453 ἀλλήλων
1315 1389 1432 1442 ἀντὶ
1488 1394 1605 1455 μιᾶς
1659 1394 1899 1456 παραλη-

214 1474 399 1536 φθῶει.
442 1503 509 1507 -
561 1471 611 1525 U

322 1553 724 1618 (υνεκφώνηείε
773 1554 931 1614 ἐςτιν,
979 1552 1112 1604 ὅταν
1161 1552 1258 1604 δύο
1308 1555 1561 1618 ευλλαβαὶ
1609 1555 1900 1619 (ύμφωνον

144 1657 183 1688 15
211 1634 340 1698 μετὰ
380 1634 629 1698 ἀλλήλων
671 1637 736 1699 μὴ
779 1635 992 1699 ἔχουεαι
1042 1633 1158 1686 ἀντὶ
1203 1637 1320 1698 μιᾶς
1359 1635 1898 1700 παραλαμβάνωνταῑ.

208 1717 400 1780 τρόποι
457 1718 515 1768 δέ
570 1717 662 1769 εἰει
716 1721 809 1780 τῆς
864 1717 1315 1781 ευνεκφωνήεεωε
1363 1717 1491 1769 οἵδε.
1568 1719 1599 1781 ἢ
1649 1719 1750 1782 γὰρ
1801 1718 1899 1770 δύο

213 1798 422 1861 μακραί·
465 1800 549 1850 καὶ
588 1799 654 1850 τὰ
696 1799 826 1862 ἑξῆς.
866 1829 938 1834 -—
977 1797 1040 1848 K

323 1876 593 1931 Ἐνταῦθα
642 1879 766 1947 περὶ
813 1886 908 1947 τῆς
954 1881 1423 1947 συνεκφωνήσεως
1471 1880 1640 1932 οἱονεὶ
1681 1882 1897 1947 συνιζή-

209 1972 343 2020 σεως
381 1960 639 2026 βούλεται
681 1961 986 2028 διαλαβεῖν·
1029 1959 1211 2012 ι’στέον
1244 1960 1304 2012 δὲ
1343 1960 1426 2013 ὅτι
1466 1960 1718 2031 διαφέρει
1759 1961 1894 2029 αὕτη

140 2039 240 2107 2οὴ
290 2043 705 2109 συνεκφώνησις
751 2050 844 2109 τῆς
891 2046 1254 2109 συναλοιφῆς’
1311 2042 1488 2104 ἄλλως
1533 2042 1636 2111 γὰρ
1685 2043 1717 2111 ἡ
1767 2057 1896 2094 συν-

209 2125 411 2191 αλοιφὴ
459 2121 549 2175 καὶ
598 2124 773 2184 ἄλλως
819 2124 851 2190 ἡ
901 2123 1321 2191 συνεκφώνησις
1366 2131 1659 2192 μετρεῖται·
1715 2124 1748 2192 ἡ
1795 2121 1897 2192 μὲν

207 2206 310 2274 γὰρ
351 2205 661 2272 συναλοιφὴ
704 2205 952 2273 καθάπερ
993 2206 1261 2273 γράφεται
1302 2204 1442 2256 οὕτω
1483 2204 1572 2256 καὶ
1605 2213 1894 2275 μετρεῖται,

210 2279 332 2338 οἷον

282 2366 354 2429 ὣς
394 2364 585 2434 ἔφαθ’,
626 2369 684 2418 οἳ
713 2365 771 2418 δ’
804 2368 908 2434 ἄρα
947 2367 1145 2428 πάντες
1181 2366 1319 2435 ἀκὴν
1350 2365 1606 2434 ἐγένοντο
1640 2375 1816 2436 σιωπῇ

1274 2446 1353 2518 (Γ
1376 2449 1445 2500 95
1488 2452 1540 2501 et
1579 2447 1834 2519 saepius)

328 2582 380 2621 11
417 2578 557 2621 schol.
591 2577 639 2619 in
673 2577 805 2620 Dion.
835 2577 940 2620 Thr.
968 2582 1068 2631 210,
1091 2584 1144 2621 14

327 2702 351 2738 2
388 2693 479 2754 ὅτε]
515 2695 626 2739 ὁτὰν
662 2697 706 2740 U
732 2698 745 2751 ΙΙ
782 2700 807 2737 8
842 2696 912 2752 δὲ]
945 2695 971 2751 ὴ
1006 2696 1077 2739 vel
1110 2696 1136 2752 ἡ
1171 2698 1214 2741 U
1239 2699 1252 2753 Η
1285 2702 1339 2740 10
1382 2698 1425 2740 U
1452 2696 1697 2751 anteponit
1728 2696 1894 2751 πράξις

207 2752 331 2809 τρίτη
359 2758 372 2809 ΙΙ
398 2760 449 2798 11
480 2754 655 2799 ὁπόταν
679 2754 829 2810 Heph.
856 2757 869 2810 ΙΙ
897 2760 948 2797 15
982 2754 1114 2813 μετὰ]
1147 2756 1396 2812 legendum
1422 2756 1588 2811 μεταξὺ
1617 2757 1622 2811 Ι
1650 2757 1892 2811 παραλαμ-

206 2812 431 2870 βάνονται
457 2815 542 2870 KH
569 2818 740 2858 18——22
773 2819 854 2868 τῆς
887 2813 1158 2868 συνιζήσεως
1189 2814 1335 2870 ἤγουν
1369 2813 1757 2869 συνεκφωνήσεως
1789 2817 1892 2858 δια-

207 2871 517 2929 λαμβάνομεν·
552 2871 767 2928 διαφέρει
799 2873 849 2916 δὲ
882 2872 910 2927 ἡ
943 2874 1289 2929 συνεκφώνησις
1320 2880 1397 2928 τῆς
1430 2875 1727 2928 συναλοιφῆς,
1761 2871 1829 2916 ὅτι
1861 2873 1890 2930 ὴ

205 2930 287 2986 μὲν
321 2932 576 2988 συναλοιφή
611 2933 665 2975 K
683 2933 696 2987 ΙΙ
721 2936 776 2974 24
810 2931 928 2988 ἀκὴν
947 2958 1000 2964 -
1021 2939 1166 2989 σιωπῇ
1201 2946 1287 2975 om.
1316 2934 1370 2976 K

1925 2375 1981 2414 55
