2090 3158
192 662 210 692 5

170 1067 212 1097 10

172 1472 211 1503 15

172 1879 214 1909 20

236 178 306 231 86
917 175 1240 217 ΛοΓΓΙΝοΤ

1980 3 1981 6 ‘
2032 0 2090 94 ff

349 314 395 366 7.
439 311 579 382 Περὶ
620 308 680 365 δὲ
721 311 854 382 ὅρου
886 309 1088 379 μέτρου
1121 316 1228 362 νῦν
1260 310 1434 362 εἰπεῖν
1466 310 1567 363 οὐκ
1599 309 1922 378 ἀναγκαῖον·
1955 320 2069 372 88,6

237 395 403 457 αὐτὸς
442 395 544 463 γὰρ
587 393 615 447 ὁ
650 391 992 461 Ἡφαιστίων
1031 391 1267 442 αἰτιᾶται
1306 391 1405 443 τὸν
1438 388 1799 460 “Ηλιόδωρον,
1840 391 1923 445 ὅτι

235 485 351 539 τοῖς
385 473 787 545 ὑπαρχομένοις
819 473 1041 542 γράφει·
1074 480 1189 534 τοῖς
1220 473 1323 539 γὰρ
1358 471 1605 541 ἀπείροις
1635 474 1724 525 καὶ
1759 473 1919 542 [τοῖς]

235 561 394 628 μήπω
449 566 543 626 τῆς
596 556 946 625 μετροποιίας
1001 552 1354 621 γεγευμένοις
1400 553 1679 606 ἀδύνατον
1725 561 1922 622 νοῆσαι

235 659 334 693 τον
373 659 521 709 ορον.

349 721 395 772 8.
441 718 860 787 Ἐπιγέγραπται
903 716 962 768 δὲ
1003 715 1349 785 ἐγχειρίδιον,
1390 716 1491 784 οὐχ
1531 715 1604 778 ὥς
1642 736 1786 779 τινες
1817 714 1921 788 ᾥή-
1954 725 2068 777 89,1

234 807 420 869 θησαν
466 801 612 869 παρὰ
657 800 717 851 τὸ
767 795 926 866 ξίφος
974 798 1065 850 διὰ
1111 798 1171 849 τὸ
1221 795 1440 859 ὀξύνειν
1478 806 1587 850 τῶν
1627 799 1924 866 μετιόντων

235 884 329 944 τὰς
375 882 577 950 ψυχάς,
627 880 763 933 ἀλλὰ
811 879 903 931 διὰ
950 879 1009 930 τὸ
1050 877 1111 931 ἐν
1151 879 1339 948 χερσὶν
1378 876 1522 947 ἔχειν
1560 881 1689 941 τοὺς
1726 881 1923 946 βουλο-

235 963 435 1030 μένους
498 964 562 1015 τὰ
624 962 895 1030 κεφάλαια
952 969 1063 1013 τῶν
1117 969 1388 1029 μετρικῶν
1440 962 1921 1029 παραγγελμάτων.

239 1046 322 1098 ότι
370 1042 429 1098 δε
476 1052 646 1097 ταῦτα
687 1043 861 1105 οὕτως
899 1039 1035 1110 ἔχει,
1077 1039 1415 1110 Ηλιόδωρος
1453 1049 1552 1094 τοῦ
1593 1040 1922 1111 ἐγχειριδίου

237 1126 538 1196 ἀρχόμενος
593 1125 767 1186 οὕτως
821 1123 987 1192 λε’·γει
1043 1131 1158 1185 τοῖς
1211 1121 1572 1191 βουλομένοις
1626 1122 1688 1176 ἐν
1737 1124 1924 1193 χερσιν

235 1205 383 1277 ἔχειν
428 1209 493 1260 τὰ
544 1204 1057 1276 κεφαλαιωδέστατα
1095 1211 1190 1271 τῆς
1231 1210 1486 1274 μετρικῆς
1525 1202 1822 1274 γέγραπται
1862 1205 1922 1256 τὸ

235 1291 456 1357 βιβλίον
495 1297 675 1342 τοῦτο.

347 1369 395 1421 9.
445 1368 685 1437 ’Ἠρξατο
729 1368 789 1420 δὲ
828 1367 994 1430 αὐτὸς
1032 1366 1060 1419 ὁ
1094 1366 1455 1435 “Ηφαιστίων,
1505 1367 1593 1429 ὡς·
1617 1369 1775 1435 ἔφην,
1816 1365 1921 1419 ἀπὸ

238 1453 526 1518 συλλαβῆς.
595 1450 699 1518 ὕλη
740 1450 843 1518 γὰρ
884 1457 999 1511 τοῖς
1037 1448 1257 1519 μέτροις
1295 1449 1327 1516 ἡ
1362 1451 1627 1516 συλλαβή,
1665 1446 1756 1500 καὶ
1790 1448 1922 1500 ἄνευ

236 1533 434 1600 ταύτης
489 1533 589 1584 οὐκ
645 1531 713 1583 ἂν
767 1534 996 1598 συσταίη
1051 1531 1112 1582 τὸ
1160 1529 1380 1598 μέτρον
1438 1530 1498 1582 τὸ
1544 1529 1676 1598 <δὲ>
1722 1537 1924 1582 ποιοῦν

236 1615 342 1682 πρὸ
383 1621 482 1665 τοῦ
529 1611 883 1680 ποιηθέντος,
931 1612 1071 1664 ὅθεν
1108 1611 1250 1679 <ἀπὸ
1301 1611 1611 1678 συλλαβῆς>
1651 1608 1923 1710 ἄρξασθαι

237 1696 469 1747 δίκαιον.
533 1695 632 1747 οὐκ
674 1693 777 1746 απὸ
817 1701 917 1746 τοῦ
957 1692 1156 1761 γένους
1188 1693 1249 1746 δὲ
1279 1692 1496 1762 ἤρξατο,
1537 1691 1655 1746 αλλ’
1687 1692 1791 1744 απὸ
1824 1699 1923 1744 τοῦ

238 1777 436 1838 εἰδους.
500 1775 750 1844 διαφέρει
790 1774 851 1827 δὲ
891 1769 1038 1836 εἶδος
1075 1794 1165 1827 και
1198 1773 1375 1841 γένος,
1414 1776 1448 1844 ᾑ
1487 1773 1647 1842 γένος
1678 1772 1779 1839 μέν
1810 1772 1922 1826 ἐστι

238 1858 298 1909 τὸ
338 1859 702 1925 πρωτότυπον
741 1858 818 1919 είς
857 1857 974 1924 εἴδη
1016 1856 1367 1923 διαιρεθῆναι
1408 1855 1739 1924 δυναμενον,
1780 1852 1924 1916 εἶδος

239 1939 299 1990 δὲ
344 1939 404 1990 τὸ
452 1938 556 1991 ἀπὸ
603 1945 703 1990 τοῦ
749 1937 948 2006 γένους
995 1936 1354 2007 διῃρημένον,
1405 1929 1527 1988 οἷον
1566 1941 1623 1988 εἴ
1652 1955 1735 1998 τις
1775 1935 1922 2003 λέγοι

238 2022 371 2091 ζῷον
421 2019 605 2088 γένος,
658 2020 774 2088 εἴδη
828 2016 888 2071 δὲ
939 2019 1110 2071 αὐτοῦ
1163 2020 1467 2087 ἄνθρωπον
1513 2018 1685 2071 ἵππον
1729 2018 1818 2069 καὶ
1858 2018 1923 2069 τὰ

238 2102 413 2153 λοιπά.
493 2101 701 2153 οὐκοῦν
749 2100 908 2168 γένος
953 2099 1055 2168 μέν
1103 2098 1252 2152 ἐστιν
1298 2100 1331 2167 ἡ
1379 2100 1650 2167 συλλαβή,
1702 2100 1819 2166 εἴδη
1863 2096 1921 2150 δὲ

357 2235 381 2272 2
409 2230 465 2273 cs.
493 2245 633 2286 supra
656 2246 701 2287 p.
718 2235 786 2284 81,
801 2236 867 2274 14.
889 2257 943 2263 -
963 2230 1102 2274 schol.
1130 2230 1184 2273 in
1203 2230 1337 2272 Dion.
1364 2229 1469 2272 Thr.
1491 2231 1730 2285 509,17116
1750 2229 1923 2272 schol.A

235 2305 279 2344 p.
308 2293 376 2342 93,
397 2295 420 2331 3
468 2291 482 2345 Η
528 2295 581 2332 14
613 2290 689 2332 Ar.
718 2290 872 2342 Quint.
901 2294 969 2343 28,
990 2295 1176 2333 18—20.
1226 2290 1310 2331 An.
1338 2288 1422 2332 AV
1446 2293 1501 2332 98
1535 2294 1559 2342 ξ
1585 2293 1623 2331 2.
1681 2302 1708 2331 a
1742 2288 1923 2343 syllaba.

237 2348 325 2391 inc.
351 2348 478 2391 Man.
506 2348 678 2392 Theod
707 2348 788 2391 GL
813 2349 875 2391 VI
901 2352 1074 2403 586,12

359 2457 380 2494 1
417 2448 527 2506 ὀρου
555 2452 600 2506 C,
636 2449 755 2506 ὅρων
779 2451 876 2495 rell.
903 2454 916 2508 Η
943 2456 966 2493 3
994 2451 1335 2525 ὑπαρχομένοις
1361 2453 1407 2506 Ο,
1442 2452 1557 2507 ἐπαρ
1591 2449 1774 2506 ομένοις
1797 2451 1917 2506 ΑΡῙ

238 2511 462 2568 καὶτοῖς]
495 2518 592 2560 τοῖς
631 2510 719 2555 del.
753 2511 971 2554 Hoerseh.
1021 2513 1034 2567 ΙΙ
1083 2516 1104 2553 7
1146 2510 1276 2567 παρὰ
1307 2511 1358 2555 τὸ
1399 2509 1534 2567 ξίφος
1610 2510 1782 2554 oersch
1818 2509 1919 2553 0011.

240 2569 379 2612 schol.
386 2570 411 2595 Α
438 2574 508 2623 93,
526 2574 567 2623 4,
601 2569 680 2614 διὰ
711 2570 762 2613 τὸ
796 2568 931 2626 ξίφος
954 2569 1068 2613 ἀλλὰ
1094 2571 1241 2624 00(1(1.,
1275 2569 1355 2615 διὰ
1386 2570 1437 2614 τὸ
1470 2568 1606 2626 ξιφος
1636 2569 1714 2612 καὶ
1739 2569 1922 2626 Eggerss

239 2634 264 2670 8
305 2627 418 2672 ἄλλα
457 2629 692 2682 Hoersch„
726 2629 804 2671 καὶ
837 2629 967 2672 codd.
1016 2631 1029 2685 ΙΙ
1078 2634 1131 2671 10
1164 2630 1270 2685 post
1310 2629 1402 2687 ἔχει
1439 2628 1656 2672 Hoersch.
1696 2628 1921 2671 excidisse

237 2688 376 2743 putat
406 2688 522 2731 haec
554 2688 649 2731 fere
683 2688 908 2743 φανερὸν·
950 2687 973 2730 ὁ
1006 2687 1094 2743 γὰρ
1118 2691 1132 2743 ΙΙ
1159 2694 1211 2730 12
1247 2688 1367 2746 ἔχειν
1400 2702 1486 2731 0111.
1517 2689 1586 2756 C[
1610 2685 1922 2743 κεφαλαιωδέ-

239 2760 382 2788 στατα
407 2746 567 2790 Choer.
594 2747 733 2790 schol.
739 2748 779 2801 A,
812 2746 1243 2802 κεφαλαιωδέστερα
1269 2747 1399 2791 codd.
1419 2748 1433 2805 ῙΙ
1452 2752 1505 2790 14
1531 2747 1671 2796 αὐτὸς
1687 2745 1921 2800 Hoersch.‚

239 2805 382 2847 αὐτοῦ
417 2805 548 2848 codd
574 2808 587 2861 ΙΙ
615 2811 667 2848 17
701 2806 794 2849 ἀπὸ
829 2807 1052 2863 συλλαβῆς
1082 2806 1218 2849 inser.
1252 2804 1581 2849 Mendelssohn
1605 2808 1619 2862 Η
1647 2809 1699 2847 18
1733 2803 1920 2863 ἤρξατο]

239 2862 435 2917 ἤρξαντο
463 2866 557 2909 AG
576 2867 589 2920 ΙΙ
615 2869 670 2907 20
700 2861 895 2914 εἶδος-
914 2870 965 2907 21
994 2863 1276 2923 διῃρημένον
1302 2879 1387 2908 0111.
1419 2867 1456 2910 Ο
1475 2868 1488 2921 ΙΙ
1514 2870 1568 2908 23
1603 2865 1628 2921 ἡ
1661 2865 1768 2920 post
1800 2864 1921 2908 ἐστιν

231 2922 577 2967 Υ(101.Μο11(1(118.

1957 1377 2025 1425 91,
2044 1375 2090 1415 2(
