2060 3168
473 151 540 192 Ν
570 151 714 193 ΠΕΡΙ
743 151 870 193 'ror
899 150 1296 193 mmor
1325 150 1574 194 mor
1762 148 1873 203 315

914 356 1039 426 Cap.
1062 355 1156 410 IV.

514 475 678 546 Περὶ
717 484 832 530 τοῦ
872 475 1259 544 ἐλεγειακοῦ
1290 475 1547 546 μέτρου.

302 596 348 648 1.
403 596 476 648 Τὸ
523 593 836 663 ἐλεγειακὸν
873 593 1074 662 μέτρον
1111 595 1483 663 πεντάμετρόν
1521 593 1658 648 ἐστι·
1711 593 1875 648 πέντε

187 677 292 747 γὰρ
330 678 511 746 χώρας
549 675 872 745 ἐπιδέχεται·
915 676 1010 738 τὰς
1047 672 1150 744 μὲν
1188 671 1292 728 οὖν
1331 683 1478 745 τρεῖς
1515 675 1876 745 συγκειμένας

185 755 296 827 ἔχει
335 757 443 811 ἀπὸ
483 758 759 811 δακτύλου
798 755 888 810 καὶ
921 758 1244 810 σπονδειόυ·
1286 756 1459 810 ἐνίοτε
1492 757 1554 810 δὲ
1585 755 1677 810 καὶ
1708 756 1873 826 ἀμφί-
1919 777 1940 811 ε

185 858 398 909 μακρον
443 838 533 891 καὶ
578 837 1006 906 παλιμβάκχειον
1053 836 1266 906 δέχεται
1312 838 1346 906 ἡ
1383 838 1569 908 πρώτη
1618 836 1709 890 καὶ
1749 839 1874 891 δευ-

184 919 316 989 τέρα
368 920 539 989 χώρα,
594 921 878 988 καθαροὺς
929 917 1117 985 μέντοι
1163 917 1254 971 καὶ
1300 917 1363 972 ἐν
1407 917 1552 982 τάξει
1598 919 1872 972 δακτύλου

186 999 485 1070 κειμένους.
561 998 800 1067 καθαροὶ
851 999 916 1053 δέ
958 1002 1124 1067 εἰσιν,
1175 1001 1309 1054 ὅταν
1355 999 1751 1068 ἀπαρτίζωνται
1797 1003 1875 1064 εἰς

184 1081 350 1151 μέρος
397 1084 566 1150 λόγου
615 1080 705 1134 καὶ
743 1082 891 1150 <ει’ς>
930 1089 1154 1150 φωνῆεν
1191 1081 1224 1150 ἢ
1263 1082 1342 1144 εἰς
1380 1082 1663 1150 συλλαβὴν
1699 1087 1872 1135 καθα-

187 1163 293 1231 ρὰν
332 1165 575 1232 λήγωσιν
616 1161 706 1215 καὶ
746 1164 847 1231 τὴν
886 1161 1007 1230 εξῆς
1045 1160 1244 1232 ἔχωσιν
1274 1162 1381 1216 ἀπὸ
1422 1165 1739 1232 φωνήεντος
1778 1163 1872 1233 ἀρ-
1897 1183 1940 1216 ιο

185 1244 443 1315 χομένην,
482 1247 604 1298 οἱον
643 1242 729 1296 ε’πὶ
768 1263 871 1310 μεν
908 1251 1008 1296 τοῦ
1047 1243 1421 1313 ἀμφιμάκρου,
1461 1244 1534 1306 ὡς
1570 1245 1631 1297 τὸ

541 1326 608 1379 οὔ
647 1327 704 1378 τί
737 1345 830 1394 μοι
870 1326 1015 1394 αἰτίη
1055 1325 1179 1378 ε’σσί
1213 1323 1295 1397 (Γ
1313 1323 1465 1396 164)·

185 1406 274 1461 ἐπὶ
315 1408 377 1461 δὲ
414 1415 513 1462 τοῦ
551 1409 1003 1476 παλιμβακχείου,
1042 1406 1114 1469 ὡς
1151 1407 1213 1459 τὸ

539 1489 815 1557 πλάγχθη,
854 1486 970 1540 ἐπεὶ
1018 1490 1218 1556 Τροίης
1255 1486 1315 1559 (α
1337 1486 1411 1558 2).

290 1569 366 1623 Ἡ
406 1567 468 1623 δὲ
512 1572 666 1639 τρίτη
714 1570 864 1639 χώρα
901 1570 1202 1622 σπονδεῖον
1238 1571 1414 1635 μόνον
1453 1567 1690 1638 δέχεται,
1737 1567 1770 1636 ἡ
1810 1565 1871 1622 δὲ
1895 1589 1938 1623 1⁵

185 1651 412 1719 τετάρτη
450 1649 808 1718 ἀνάπαιστον,
850 1649 884 1718 ἡ
923 1646 984 1703 δὲ
1022 1650 1232 1718 πέμπτη
1274 1649 1615 1702 ἀνάπαιστον
1651 1648 1743 1702 καὶ
1781 1670 1873 1719 χο-

186 1741 361 1800 ρεῖον·
412 1730 499 1784 ε’πὶ
545 1731 747 1793 παντὸς
793 1731 896 1800 γὰρ
942 1730 1144 1799 μέτρου
1185 1730 1490 1801 ἀδιάφορός
1527 1728 1679 1784 ἐστιν
1716 1730 1749 1800 ἡ
1788 1749 1871 1784 τε-

187 1815 409 1866 λευταία
447 1819 546 1866 τοῦ
587 1814 777 1881 στίχου
818 1814 1078 1880 συλλαβή.

295 1894 344 1946 2.
392 1892 548 1947 ’Ἐστι
595 1894 657 1946 δὲ
701 1894 792 1946 καὶ
839 1892 982 1946 οὕτω
1036 1901 1320 1961 μετρῆσαι·
1371 1894 1470 1947 τὸν
1514 1903 1735 1962 πρῶτον
1780 1892 1871 1947 καὶ

182 1977 282 2028 τὸν
328 1976 591 2043 δεύτερον
635 1975 780 2027 πόδα
825 1974 926 2043 χρὴ
973 1974 1248 2027 δάκτυλον
1286 1973 1320 2043 ἢ
1359 1977 1657 2028 σπονδεῖον
1695 1975 1868 2044 ἐπιζη-
1895 1997 1939 2030 20

183 2065 300 2109 τεῖν
346 2059 404 2125 ἢ,
455 2056 643 2118 καθὼς
687 2043 1032 2123 προείρηται,
1087 2055 1442 2125 ἀμφίμακρον
1487 2055 1519 2124 ἢ
1566 2057 1870 2125 παλιμβάκ-

184 2157 351 2207 χειον,
389 2135 875 2206 θεραπευομένους
914 2134 1002 2188 καὶ
1042 2138 1344 2206 καθαρούς,
1386 2135 1449 2190 ἐν
1486 2136 1630 2201 τάξει
1671 2138 1870 2190 δακτύ-

184 2224 286 2273 λου
347 2218 652 2286 κειμένους·
713 2216 803 2270 καὶ
862 2219 997 2286 μετὰ
1048 2218 1148 2270 τὸν
1201 2217 1544 2287 ἀπαρτισμὸν
1596 2227 1709 2271 τῶν
1763 2219 1868 2272 δύο

181 2301 397 2354 τούτων
434 2301 625 2353 ποδῶν
674 2300 776 2368 χρὴ
815 2300 1098 2367 συλλαβὴν
1135 2300 1352 2368 μακρὰν
1391 2299 1660 2367 ἐπιζητεῖν
1697 2299 1870 2369 ἀπαρ-

182 2381 469 2450 τιζομένην
523 2383 601 2443 εἰς
653 2382 818 2449 μέρος
871 2382 1063 2448 λόγον’
1117 2379 1206 2433 καὶ
1260 2382 1393 2447 μετὰ
1439 2382 1540 2450 τὴν
1586 2383 1870 2450 συλλαβὴν
1893 2402 1935 2435 25

184 2463 387 2526 ἄλλους
438 2463 577 2531 (δύο
630 2462 804 2523 πόδας
857 2460 962 2515 ἀπὸ
1017 2461 1292 2515 δακτύλου
1341 2465 1518 2531 μόνου
1565 2461 1868 2531 κειμένους,

302 2635 328 2673 2
361 2629 451 2673 AV
477 2633 575 2673 156.
637 2628 709 2672 Ps.
735 2627 886 2684 Heph.
919 2633 943 2682 ς
969 2627 1031 2671 7⁶.
1058 2632 1113 2671 23
1146 2630 1194 2672 et
1224 2643 1269 2684 p.
1300 2632 1397 2672 103.
1461 2629 1548 2672 An.
1576 2626 1699 2672 chin.
1731 2633 1756 2682 ξ
1781 2633 1807 2672 6

304 2781 330 2820 2
362 2777 599 2833 ἐλεγιακοῦ
631 2778 677 2820 Ρ
705 2779 751 2819 et
786 2776 851 2842 sig:
884 2775 1104 2832 deinceps
1157 2778 1173 2832 ΙΙ
1223 2781 1278 2819 10
1310 2775 1542 2832 λήγουσαν
1574 2777 1620 2820 Ρ
1658 2776 1785 2878 ὲέχ

186 2849 259 2879 σιν
289 2837 335 2880 Ρ
354 2839 369 2892 ΙΙ
395 2840 450 2879 18
480 2842 563 2880 τοῦ
596 2833 751 2892 στίχου
784 2838 926 2879 etlam
959 2848 1032 2891 ap.
1065 2833 1138 2878 Pe.
1163 2834 1312 2891 Heph.
1339 2837 1442 2890 (ter)
1475 2838 1523 2878 et
1545 2836 1631 2878 An.
1691 2834 1779 2878 his.
1803 2840 1829 2878 6
1854 2839 1869 2893 ‚1

185 2899 403 2950 ize—316,
424 2900 446 2938 1
480 2893 744 2938 δύο-δύο
776 2894 882 2937 add.
915 2907 971 2937 ex
1002 2893 1073 2938 ΡΒ.
1099 2893 1264 2950 Heph.‚
1296 2894 1381 2937 An.
1409 2892 1531 2937 Chio.
1564 2893 1671 2937 aliis
