2060 3168
222 143 328 195 398
976 145 1154 184 TPIXA

222 276 393 330 ἔπεσιν,
427 275 506 320 ’ἵνα
537 276 597 332 μὴ
632 273 975 332 συνεμπίπτωσι
1006 281 1104 324 τοῖς
1128 274 1177 318 ἐκ
1204 273 1491 331 δισυλλάβων
1513 277 1686 319 ποδῶν.
1706 300 1761 306 -
1782 277 1908 330 Κρη-

219 343 350 387 τικὸν
383 341 435 387 δὲ
467 340 683 399 ὃίμετρον
715 340 1052 397 καταληκτικὸν
1084 339 1135 382 τὸ

487 405 609 465 ῥύσι’
637 407 814 463 ἄσαιμι.

213 472 406 530 Ὁμοίως
436 475 516 518 καὶ
546 474 599 518 τὸ
633 472 929 532 βακχειακόν.
1934 476 2060 534 (301)

174 561 193 593 5
337 546 565 605 Δίμετρον
599 546 722 606 <δὲ>
756 545 1091 602 ἀκατάληκτον,
1122 547 1386 592 παιωνικὸν
1419 546 1516 603 μέν,
1547 547 1599 591 τὸ

485 614 586 659 αἰὲν
621 612 886 668 ὀλοόφρονά
920 628 983 670 γε.

217 681 436 737 κρητικὸν
469 680 520 725 δὲ

485 745 608 804 ῥύσι’
637 745 801 802 ἄσαιμί
833 761 918 790 σοι.

211 812 636 870 εΤπερκοιτάληκτον
669 811 720 857 δὲ
753 810 984 869 δι’μετρον,
1015 813 1277 858 παιωνικὸν
1310 813 1392 869 μὲν
1424 813 1565 859 πάλιν
1595 814 1647 860 τὸ

152 895 193 926 10
484 879 717 936 τάρταρον
750 880 796 929 ἐς
828 877 965 934 εὐρέα
998 879 1176 937 βάλοις·

216 947 438 1004 κρητικὸν
471 948 521 991 δὲ

484 1012 561 1058 ἵνα
591 1029 664 1056 τοι
696 1009 820 1070 ῥύσι’
849 1012 1025 1068 ἄσαιμι.

216 1081 295 1124 καὶ
328 1078 518 1136 δίμετρα
551 1079 633 1136 μὲν
664 1086 824 1124 ταῦτα.

339 1153 620 1212 Τρίμετρα
652 1145 717 1208 δέ,
751 1153 1089 1210 καταληκτικὸν
1122 1153 1205 1211 μὲν
1237 1155 1498 1200 παιωνικὸν

150 1234 190 1266 15
480 1221 712 1277 τάρταρον
746 1220 791 1270 ἐς
823 1219 959 1274 εὐρέα
992 1217 1171 1278 βαλοῖσ’
1202 1220 1328 1276 ἐμεῦ·

215 1287 434 1343 κρητικὸν
467 1287 519 1331 δὲ

483 1353 562 1398 ἵνα
591 1370 665 1397 τοι
696 1351 822 1410 ῥύσι’
852 1353 1027 1410 ἄσαιμι.

218 1427 541 1484 Ακατάληκτον
575 1427 626 1472 δὲ
656 1426 912 1485 τρίμετρον,
944 1427 1205 1472 παιωνικὸν
1238 1428 1320 1484 μὲν
1351 1427 1494 1473 πάλιν

481 1495 584 1540 αἰὲν
617 1493 884 1551 ὀλοόφρονα
915 1493 1257 1550 πονηρότατον·

148 1573 190 1605 20
214 1562 435 1618 κρητικὸν
469 1561 521 1606 δὲ

481 1625 603 1685 ῥύσι’
633 1628 796 1685 ἄσαιμι
829 1629 1000 1679 σωθεὶς
1031 1626 1215 1687 βρόχου.

218 1702 632 1759 Τπερκατάληκτον
663 1701 920 1759 τρίμετρον,
952 1702 1213 1747 παιωνικὸν
1246 1703 1328 1759 μὲν

478 1768 713 1825 τάρταρον
747 1769 793 1819 ἐς
824 1768 960 1824 εὐρέα
993 1766 1173 1828 βαλοῖσ’
1203 1769 1308 1824 ἐμεῦ
1341 1769 1455 1813 ἄπο·

212 1836 431 1892 κρητικὸν
465 1835 516 1881 δὲ

147 1913 187 1944 25
482 1901 559 1947 ἵνα
590 1919 662 1946 τοι
695 1899 818 1958 ῥύσι’
848 1901 1011 1960 ἄσαιμι
1043 1901 1226 1952 σωθείς.

213 1976 291 2019 καὶ
323 1974 539 2034 τρίμετρα
572 1977 655 2032 μὲν
686 1983 847 2020 ταῦτα.
1927 1981 2047 2036 (302)

334 2049 694 2106 Τετράμετρα
733 2049 785 2095 δὲ
823 2049 985 2105 πάλιν,
1029 2050 1367 2107 καταληκτικὸν
1406 2051 1665 2096 παιωνικὸν
1706 2050 1899 2098 ἕκαστον

211 2124 301 2161 τῶν
331 2115 649 2172 προκειμένων
679 2124 820 2172 τριῶν
854 2117 996 2162 ἐπῶν·
1044 2116 1074 2160 ἃ
1107 2117 1164 2173 δὴ
1202 2117 1283 2161 καὶ
1317 2115 1628 2175 ἐπισημότατά
1659 2118 1797 2172 εἰσιν,
1838 2119 1899 2171 ὡς
1969 2155 1978 2165 .

214 2183 402 2240 ἔφαμεν.
452 2183 532 2228 διὰ
563 2191 699 2227 τοῦτο
732 2182 820 2241 γὰρ
853 2184 932 2227 καὶ
957 2183 1068 2240 ἡμῖν
1094 2183 1160 2235 εἰς
1181 2183 1478 2241 παράδειγμα
1501 2183 1894 2242 παρελήφθησαν·

145 2261 187 2292 3ο
212 2250 431 2306 κρητικὸν
465 2249 515 2294 δὲ
549 2247 650 2295 οἷον
681 2250 733 2294 τὸ

479 2314 556 2361 ἵνα
586 2333 659 2360 τοι
691 2314 813 2373 ῥύσι’
844 2317 1006 2374 ἄσαιμι
1039 2315 1209 2367 σωθείς
1239 2333 1302 2373 γε.

216 2389 530 2445 Τετράμετρον
578 2390 629 2435 δὲ
676 2390 997 2447 ἀκατάληπτον
1045 2390 1304 2436 παιωνικὸν
1360 2390 1443 2447 μὲν
1490 2392 1575 2436 οὐκ
1623 2392 1785 2450 ἔχομεν
1832 2392 1898 2444 εἰς

210 2454 521 2512 παράδειγμα,
555 2457 773 2512 κρητικὸν
806 2455 859 2501 δὲ

479 2521 556 2566 ἵνα
586 2539 658 2566 τοι
691 2520 815 2579 ῥύσι’
846 2523 1006 2579 ἄσαιμι
1041 2524 1210 2575 σωθεὶς
1242 2522 1412 2581 βρόχου

146 2607 187 2638 35
212 2595 291 2638 καὶ
325 2596 604 2652 βακχειακὸν
636 2596 686 2639 τὸ

479 2671 681 2726 ἐραννάν
713 2671 1037 2728 πονησάμενος
1067 2672 1214 2726 κούρα
1246 2673 1406 2726 λύραν,

331 2835 356 2872 4
396 2833 502 2887 post
533 2831 812 2890 βακχειακόν
847 2833 1180 2889 add.Westph.
1215 2833 1455 2891 (ἐραννάν
1486 2832 1644 2890 πονη>
1667 2834 1683 2888 ΙΙ
1709 2836 1762 2875 18
1795 2830 1889 2887 τρί-

213 2905 377 2944 μετρον
411 2903 522 2932 corr.
558 2904 612 2934 ex
645 2889 859 2947 δίμετρον
893 2892 978 2946 P2‚
1011 2890 1225 2948 δίμετρον
1259 2893 1312 2936 Κ
