<?xml version="1.0" encoding="UTF-8"?>
<!DOCTYPE html PUBLIC "-//W3C//DTD XHTML 1.0 Transitional//EN"
    "http://www.w3.org/TR/xhtml1/DTD/xhtml1-transitional.dtd">
<html xmlns="http://www.w3.org/1999/xhtml" xml:lang="en" lang="en">
 <head>
  <title>
</title>
<meta http-equiv="Content-Type" content="text/html;charset=utf-8" />
  <meta name='ocr-system' content='tesseract 3.04.00' />
  <meta name='ocr-capabilities' content='ocr_page ocr_carea ocr_par ocr_line ocrx_word'/>
</head>
<body>
  <div class='ocr_page' id='page_1' title='image "./hephaestionisenc00hephuoft_0414.png"; bbox 0 0 2060 3168; ppageno 0'>
   <div class='ocr_carea' id='block_1_1' title="bbox 213 170 1144 223">
    <p class='ocr_par' dir='ltr' id='par_1_1' title="bbox 213 170 1144 223">
     <span class='ocr_line' id='line_1_1' title="bbox 213 170 1144 223; baseline -0.012 0"><span class='ocrx_word' id='word_1_1' title='bbox 213 170 322 223; x_wconf 84' lang='lat'><strong><em>380</em></strong></span> <span class='ocrx_word' id='word_1_2' title='bbox 967 173 1144 213; x_wconf 79' lang='lat' dir='ltr'>TPIXA</span> 
     </span>
    </p>
   </div>
   <div class='ocr_carea' id='block_1_2' title="bbox 170 301 1904 627">
    <p class='ocr_par' dir='ltr' id='par_1_2' title="bbox 170 301 1904 627">
     <span class='ocr_line' id='line_1_2' title="bbox 212 301 1902 363; baseline 0 -15"><span class='ocrx_word' id='word_1_3' title='bbox 212 303 412 361; x_wconf 79' lang='grc' dir='ltr'><strong><em>λέγεται,</em></strong></span> <span class='ocrx_word' id='word_1_4' title='bbox 453 303 532 348; x_wconf 79' lang='grc' dir='ltr'><strong><em>ἅτε</em></strong></span> <span class='ocrx_word' id='word_1_5' title='bbox 571 310 658 360; x_wconf 84' lang='grc' dir='ltr'><strong><em>τῆς·</em></strong></span> <span class='ocrx_word' id='word_1_6' title='bbox 689 302 932 360; x_wconf 80' lang='grc' dir='ltr'><em>ποιητρίας</em></span> <span class='ocrx_word' id='word_1_7' title='bbox 962 301 1223 359; x_wconf 83' lang='grc' dir='ltr'><strong><em>Πραξίλλης</em></strong></span> <span class='ocrx_word' id='word_1_8' title='bbox 1256 303 1305 347; x_wconf 78' lang='grc' dir='ltr'><strong><em>ἐν</em></strong></span> <span class='ocrx_word' id='word_1_9' title='bbox 1335 305 1487 363; x_wconf 75' lang='grc' dir='ltr'><strong><em>πολλῷ</em></strong></span> <span class='ocrx_word' id='word_1_10' title='bbox 1523 302 1812 362; x_wconf 80' lang='grc' dir='ltr'><strong><em>χρησαμένης</em></strong></span> <span class='ocrx_word' id='word_1_11' title='bbox 1839 309 1902 363; x_wconf 83' lang='grc' dir='ltr'><strong><em>τῷ</em></strong></span> 
     </span>
     <span class='ocr_line' id='line_1_3' title="bbox 213 368 946 430; baseline -0.003 -16"><span class='ocrx_word' id='word_1_12' title='bbox 213 370 410 429; x_wconf 79' lang='grc' dir='ltr'><strong><em>τοιούτῳ</em></strong></span> <span class='ocrx_word' id='word_1_13' title='bbox 441 369 602 430; x_wconf 80' lang='grc' dir='ltr'><strong><em>μέτρῳ,</em></strong></span> <span class='ocrx_word' id='word_1_14' title='bbox 635 368 738 414; x_wconf 88' lang='grc' dir='ltr'><strong><em>οἷόν</em></strong></span> <span class='ocrx_word' id='word_1_15' title='bbox 771 371 864 414; x_wconf 82' lang='grc' dir='ltr'><strong><em>ἐστι</em></strong></span> <span class='ocrx_word' id='word_1_16' title='bbox 895 370 946 412; x_wconf 90' lang='grc' dir='ltr'><strong><em>τὸ</em></strong></span> 
     </span>
     <span class='ocr_line' id='line_1_4' title="bbox 481 434 1332 492; baseline -0.001 -12"><span class='ocrx_word' id='word_1_17' title='bbox 481 435 670 482; x_wconf 81' lang='grc' dir='ltr'><strong><em>ἀνίὸεον</em></strong></span> <span class='ocrx_word' id='word_1_18' title='bbox 702 435 906 491; x_wconf 77' lang='grc' dir='ltr'><strong><em>θεότητα</em></strong></span> <span class='ocrx_word' id='word_1_19' title='bbox 938 434 1144 492; x_wconf 81' lang='grc' dir='ltr'><em>λόγοισιν</em></span> <span class='ocrx_word' id='word_1_20' title='bbox 1177 435 1332 492; x_wconf 79' lang='grc' dir='ltr'><strong><em>ἄμμιν.</em></strong></span> 
     </span>
     <span class='ocr_line' id='line_1_5' title="bbox 205 498 1904 562; baseline -0.001 -14"><span class='ocrx_word' id='word_1_21' title='bbox 205 498 367 562; x_wconf 60' lang='grc' dir='ltr'><strong><em>”Ημεῖς</em></strong></span> <span class='ocrx_word' id='word_1_22' title='bbox 397 501 576 560; x_wconf 80' lang='grc' dir='ltr'><strong><em>μέντοι,</em></strong></span> <span class='ocrx_word' id='word_1_23' title='bbox 616 502 696 547; x_wconf 77' lang='grc' dir='ltr'><strong><em>διὰ</em></strong></span> <span class='ocrx_word' id='word_1_24' title='bbox 728 502 779 546; x_wconf 87' lang='grc' dir='ltr'><strong><em>τὸ</em></strong></span> <span class='ocrx_word' id='word_1_25' title='bbox 820 500 1106 557; x_wconf 82' lang='grc' dir='ltr'><strong><em>μακρότερον</em></strong></span> <span class='ocrx_word' id='word_1_26' title='bbox 1139 498 1261 545; x_wconf 86' lang='grc' dir='ltr'><strong><em>εἶναι</em></strong></span> <span class='ocrx_word' id='word_1_27' title='bbox 1291 503 1344 546; x_wconf 92' lang='grc' dir='ltr'><strong><em>τὸ</em></strong></span> <span class='ocrx_word' id='word_1_28' title='bbox 1382 501 1720 558; x_wconf 75' lang='grc' dir='ltr'><strong><em>πεντάμετρον,</em></strong></span> <span class='ocrx_word' id='word_1_29' title='bbox 1759 503 1904 554; x_wconf 78' lang='grc' dir='ltr'><strong><em>ἄλλως</em></strong></span> 
     </span>
     <span class='ocr_line' id='line_1_6' title="bbox 170 565 1903 627; baseline 0.001 -15"><span class='ocrx_word' id='word_1_30' title='bbox 170 580 189 612; x_wconf 86' lang='lat'>5</span> <span class='ocrx_word' id='word_1_31' title='bbox 214 588 261 616; x_wconf 84' lang='grc' dir='ltr'><strong><em>τε</em></strong></span> <span class='ocrx_word' id='word_1_32' title='bbox 300 571 380 614; x_wconf 85' lang='grc' dir='ltr'><strong><em>καὶ</em></strong></span> <span class='ocrx_word' id='word_1_33' title='bbox 419 569 649 626; x_wconf 82' lang='grc' dir='ltr'><em>περιέχειν</em></span> <span class='ocrx_word' id='word_1_34' title='bbox 681 569 760 611; x_wconf 85' lang='grc' dir='ltr'><strong><em>καὶ</em></strong></span> <span class='ocrx_word' id='word_1_35' title='bbox 792 567 848 611; x_wconf 82' lang='grc' dir='ltr'><strong><em>τὰ</em></strong></span> <span class='ocrx_word' id='word_1_36' title='bbox 880 565 1096 623; x_wconf 86' lang='grc' dir='ltr'><strong><em>τρίμετρα</em></strong></span> <span class='ocrx_word' id='word_1_37' title='bbox 1129 568 1208 610; x_wconf 84' lang='grc' dir='ltr'><strong><em>καὶ</em></strong></span> <span class='ocrx_word' id='word_1_38' title='bbox 1239 567 1296 610; x_wconf 83' lang='grc' dir='ltr'><strong><em>τὰ</em></strong></span> <span class='ocrx_word' id='word_1_39' title='bbox 1327 567 1627 624; x_wconf 77' lang='grc' dir='ltr'><strong><em>τετράμετρα,</em></strong></span> <span class='ocrx_word' id='word_1_40' title='bbox 1661 568 1903 627; x_wconf 73' lang='grc' dir='ltr'><strong><em>ἐπετηδεύ-</em></strong></span> 
     </span>
    </p>
   </div>
   <div class='ocr_carea' id='block_1_3' title="bbox 215 631 1958 694">
    <p class='ocr_par' dir='ltr' id='par_1_3' title="bbox 215 631 1958 694">
     <span class='ocr_line' id='line_1_7' title="bbox 215 631 1958 694; baseline 0 -13"><span class='ocrx_word' id='word_1_41' title='bbox 215 636 401 693; x_wconf 82' lang='grc' dir='ltr'><strong><em>σάμεθά</em></strong></span> <span class='ocrx_word' id='word_1_42' title='bbox 432 653 479 680; x_wconf 85' lang='grc' dir='ltr'><strong><em>τε</em></strong></span> <span class='ocrx_word' id='word_1_43' title='bbox 512 635 625 679; x_wconf 84' lang='grc' dir='ltr'><strong><em>αὐτὸ</em></strong></span> <span class='ocrx_word' id='word_1_44' title='bbox 659 635 738 678; x_wconf 88' lang='grc' dir='ltr'><strong><em>καὶ</em></strong></span> <span class='ocrx_word' id='word_1_45' title='bbox 764 634 828 684; x_wconf 85' lang='grc' dir='ltr'><strong><em>εἰς</em></strong></span> <span class='ocrx_word' id='word_1_46' title='bbox 858 633 1156 691; x_wconf 75' lang='grc' dir='ltr'><strong><em>παράδειγμα</em></strong></span> <span class='ocrx_word' id='word_1_47' title='bbox 1187 631 1580 690; x_wconf 77' lang='grc' dir='ltr'><strong><em>προτεθείκαμεν·</em></strong></span> <span class='ocrx_word' id='word_1_48' title='bbox 1615 635 1703 679; x_wconf 87' lang='grc' dir='ltr'><strong><em>εἰσὶ</em></strong></span> <span class='ocrx_word' id='word_1_49' title='bbox 1733 636 1822 694; x_wconf 75' lang='grc' dir='ltr'><strong><em>’γὰρ</em></strong></span> <span class='ocrx_word' id='word_1_50' title='bbox 1844 637 1903 681; x_wconf 80' lang='grc' dir='ltr'><strong><em>τὰ</em></strong></span> <span class='ocrx_word' id='word_1_51' title='bbox 1951 639 1958 642; x_wconf 65' lang='grc'><strong>“</strong></span> 
     </span>
    </p>
   </div>
   <div class='ocr_carea' id='block_1_4' title="bbox 214 699 2060 764">
    <p class='ocr_par' dir='ltr' id='par_1_4' title="bbox 214 699 2060 764">
     <span class='ocr_line' id='line_1_8' title="bbox 214 699 2060 764; baseline 0.001 -16"><span class='ocrx_word' id='word_1_52' title='bbox 214 702 496 759; x_wconf 76' lang='grc' dir='ltr'><strong><em>προκείμενα</em></strong></span> <span class='ocrx_word' id='word_1_53' title='bbox 542 700 650 758; x_wconf 84' lang='grc' dir='ltr'><strong><em>τρία</em></strong></span> <span class='ocrx_word' id='word_1_54' title='bbox 699 701 783 756; x_wconf 78' lang='grc' dir='ltr'><strong><em>ἔπη</em></strong></span> <span class='ocrx_word' id='word_1_55' title='bbox 831 699 1106 758; x_wconf 76' lang='grc' dir='ltr'><strong><em>λογαοιδικὰ</em></strong></span> <span class='ocrx_word' id='word_1_56' title='bbox 1151 700 1442 757; x_wconf 86' lang='grc' dir='ltr'><strong><em>πεντάμετρα</em></strong></span> <span class='ocrx_word' id='word_1_57' title='bbox 1489 701 1808 758; x_wconf 84' lang='grc' dir='ltr'><strong><em>ἀκατάληκτα,</em></strong></span> <span class='ocrx_word' id='word_1_58' title='bbox 1856 704 1905 749; x_wconf 82' lang='grc' dir='ltr'><strong><em>ἐκ</em></strong></span> <span class='ocrx_word' id='word_1_59' title='bbox 1939 706 2060 764; x_wconf 76' lang='grc'>(274)</span> 
     </span>
    </p>
   </div>
   <div class='ocr_carea' id='block_1_5' title="bbox 148 765 1906 2561">
    <p class='ocr_par' dir='ltr' id='par_1_5' title="bbox 214 765 1906 894">
     <span class='ocr_line' id='line_1_9' title="bbox 214 765 1904 827; baseline -0.001 -12"><span class='ocrx_word' id='word_1_60' title='bbox 214 770 448 825; x_wconf 81' lang='grc' dir='ltr'><strong><em>τεσσάρων</em></strong></span> <span class='ocrx_word' id='word_1_61' title='bbox 482 769 720 814; x_wconf 77' lang='grc' dir='ltr'><strong><em>δακτύλων</em></strong></span> <span class='ocrx_word' id='word_1_62' title='bbox 746 765 773 821; x_wconf 80' lang='grc' dir='ltr'>ἢ</span> <span class='ocrx_word' id='word_1_63' title='bbox 801 765 1062 818; x_wconf 77' lang='grc' dir='ltr'><strong><em>σπονδείων</em></strong></span> <span class='ocrx_word' id='word_1_64' title='bbox 1087 767 1167 811; x_wconf 84' lang='grc' dir='ltr'><strong><em>καὶ</em></strong></span> <span class='ocrx_word' id='word_1_65' title='bbox 1191 775 1298 824; x_wconf 84' lang='grc' dir='ltr'><strong><em>μιᾶς</em></strong></span> <span class='ocrx_word' id='word_1_66' title='bbox 1320 774 1571 827; x_wconf 85' lang='grc' dir='ltr'><strong><em>τροχαϊκῆς</em></strong></span> <span class='ocrx_word' id='word_1_67' title='bbox 1594 767 1825 821; x_wconf 82' lang='grc' dir='ltr'><strong><em>ὃιποὸίας.</em></strong></span> <span class='ocrx_word' id='word_1_68' title='bbox 1849 796 1904 802; x_wconf 83' lang='grc'>-</span> 
     </span>
     <span class='ocr_line' id='line_1_10' title="bbox 219 830 1906 894; baseline -0.001 -14"><span class='ocrx_word' id='word_1_69' title='bbox 219 841 377 880; x_wconf 86' lang='grc' dir='ltr'><strong><em>Ταῦτα</em></strong></span> <span class='ocrx_word' id='word_1_70' title='bbox 418 835 470 882; x_wconf 77' lang='grc' dir='ltr'><strong><em>δὲ</em></strong></span> <span class='ocrx_word' id='word_1_71' title='bbox 513 834 672 890; x_wconf 78' lang='grc' dir='ltr'><strong><em>ἐπειδὴ</em></strong></span> <span class='ocrx_word' id='word_1_72' title='bbox 713 833 772 890; x_wconf 85' lang='grc' dir='ltr'><strong><em>μὴ</em></strong></span> <span class='ocrx_word' id='word_1_73' title='bbox 813 832 932 877; x_wconf 79' lang='grc' dir='ltr'><strong><em>κατὰ</em></strong></span> <span class='ocrx_word' id='word_1_74' title='bbox 971 830 1264 889; x_wconf 83' lang='grc' dir='ltr'><strong><em>μονοποδίαν</em></strong></span> <span class='ocrx_word' id='word_1_75' title='bbox 1306 832 1382 877; x_wconf 80' lang='grc' dir='ltr'><strong><em>ἐπὶ</em></strong></span> <span class='ocrx_word' id='word_1_76' title='bbox 1420 837 1482 894; x_wconf 78' lang='grc' dir='ltr'><strong><em>τῷ</em></strong></span> <span class='ocrx_word' id='word_1_77' title='bbox 1514 832 1632 878; x_wconf 80' lang='grc' dir='ltr'><strong><em>τέλει</em></strong></span> <span class='ocrx_word' id='word_1_78' title='bbox 1663 842 1906 890; x_wconf 83' lang='grc' dir='ltr'><strong><em>μετρεῖται,</em></strong></span> 
     </span>
    </p>

    <p class='ocr_par' dir='ltr' id='par_1_6' title="bbox 150 897 1905 1159">
     <span class='ocr_line' id='line_1_11' title="bbox 150 897 1904 960; baseline 0.001 -16"><span class='ocrx_word' id='word_1_79' title='bbox 150 913 191 944; x_wconf 92' lang='lat'><strong><em>10</em></strong></span> <span class='ocrx_word' id='word_1_80' title='bbox 217 904 278 955; x_wconf 85' lang='grc' dir='ltr'><strong><em>ὡς</em></strong></span> <span class='ocrx_word' id='word_1_81' title='bbox 310 904 509 960; x_wconf 75' lang='grc' dir='ltr'><strong><em>ἔφαμεν,</em></strong></span> <span class='ocrx_word' id='word_1_82' title='bbox 551 901 630 947; x_wconf 79' lang='grc' dir='ltr'><strong><em>διὰ</em></strong></span> <span class='ocrx_word' id='word_1_83' title='bbox 667 901 720 945; x_wconf 89' lang='grc' dir='ltr'><strong><em>τὸ</em></strong></span> <span class='ocrx_word' id='word_1_84' title='bbox 754 899 976 957; x_wconf 81' lang='grc' dir='ltr'><strong><em>δέχεσθαι</em></strong></span> <span class='ocrx_word' id='word_1_85' title='bbox 1006 900 1114 949; x_wconf 84' lang='grc' dir='ltr'><strong><em>τοὺς</em></strong></span> <span class='ocrx_word' id='word_1_86' title='bbox 1145 897 1390 957; x_wconf 84' lang='grc' dir='ltr'><strong><em>τροχαίους</em></strong></span> <span class='ocrx_word' id='word_1_87' title='bbox 1421 900 1722 958; x_wconf 79' lang='grc' dir='ltr'><strong><em>δισυλλάβους</em></strong></span> <span class='ocrx_word' id='word_1_88' title='bbox 1753 900 1904 955; x_wconf 84' lang='grc' dir='ltr'><strong><em>ὄντας,</em></strong></span> 
     </span>
     <span class='ocr_line' id='line_1_12' title="bbox 213 966 1905 1027; baseline -0.001 -13"><span class='ocrx_word' id='word_1_89' title='bbox 213 969 448 1014; x_wconf 79' lang='grc' dir='ltr'><strong><em>ἀπόθεσιν</em></strong></span> <span class='ocrx_word' id='word_1_90' title='bbox 487 969 570 1026; x_wconf 75' lang='grc' dir='ltr'><strong><em>μὲν</em></strong></span> <span class='ocrx_word' id='word_1_91' title='bbox 612 967 713 1023; x_wconf 83' lang='grc' dir='ltr'><strong><em>ἤτοι</em></strong></span> <span class='ocrx_word' id='word_1_92' title='bbox 752 966 1004 1022; x_wconf 81' lang='grc' dir='ltr'><strong><em>κατάληξιν</em></strong></span> <span class='ocrx_word' id='word_1_93' title='bbox 1044 966 1382 1023; x_wconf 85' lang='grc' dir='ltr'><strong><em>καταληκτικὴν</em></strong></span> <span class='ocrx_word' id='word_1_94' title='bbox 1415 967 1482 1016; x_wconf 85' lang='grc' dir='ltr'><strong><em>εἰς</em></strong></span> <span class='ocrx_word' id='word_1_95' title='bbox 1513 968 1789 1026; x_wconf 80' lang='grc' dir='ltr'><strong><em>ὃισύλλαβον</em></strong></span> <span class='ocrx_word' id='word_1_96' title='bbox 1822 969 1905 1027; x_wconf 77' lang='grc' dir='ltr'><strong><em>οὐχ</em></strong></span> 
     </span>
     <span class='ocr_line' id='line_1_13' title="bbox 216 1031 1905 1093; baseline 0 -13"><span class='ocrx_word' id='word_1_97' title='bbox 216 1036 326 1091; x_wconf 73' lang='grc' dir='ltr'><strong><em>ἔξει,</em></strong></span> <span class='ocrx_word' id='word_1_98' title='bbox 367 1038 428 1088; x_wconf 85' lang='grc' dir='ltr'><strong><em>ὡς</em></strong></span> <span class='ocrx_word' id='word_1_99' title='bbox 459 1035 569 1080; x_wconf 77' lang='grc' dir='ltr'><strong><em>οὐδὲ</em></strong></span> <span class='ocrx_word' id='word_1_100' title='bbox 599 1034 658 1079; x_wconf 84' lang='grc' dir='ltr'><strong><em>τὰ</em></strong></span> <span class='ocrx_word' id='word_1_101' title='bbox 689 1032 915 1091; x_wconf 79' lang='grc' dir='ltr'><strong><em>τροχαϊκὰ</em></strong></span> <span class='ocrx_word' id='word_1_102' title='bbox 947 1031 974 1088; x_wconf 77' lang='grc' dir='ltr'>ἢ</span> <span class='ocrx_word' id='word_1_103' title='bbox 1009 1032 1222 1090; x_wconf 85' lang='grc' dir='ltr'><strong><em>ἰαμβικά·</em></strong></span> <span class='ocrx_word' id='word_1_104' title='bbox 1265 1032 1355 1086; x_wconf 72' lang='grc' dir='ltr'><strong><em>ἕξει</em></strong></span> <span class='ocrx_word' id='word_1_105' title='bbox 1387 1033 1439 1078; x_wconf 75' lang='grc' dir='ltr'><strong><em>δὲ</em></strong></span> <span class='ocrx_word' id='word_1_106' title='bbox 1472 1033 1792 1087; x_wconf 70' lang='grc' dir='ltr'><strong><em>ἀκατάληπτον</em></strong></span> <span class='ocrx_word' id='word_1_107' title='bbox 1823 1035 1905 1093; x_wconf 91' lang='grc' dir='ltr'><strong><em>μό-</em></strong></span> 
     </span>
     <span class='ocr_line' id='line_1_14' title="bbox 214 1101 861 1159; baseline -0.005 -13"><span class='ocrx_word' id='word_1_108' title='bbox 214 1121 301 1159; x_wconf 92' lang='grc' dir='ltr'><strong><em>νην</em></strong></span> <span class='ocrx_word' id='word_1_109' title='bbox 333 1104 412 1147; x_wconf 84' lang='grc' dir='ltr'><strong><em>καὶ</em></strong></span> <span class='ocrx_word' id='word_1_110' title='bbox 444 1101 861 1158; x_wconf 84' lang='grc' dir='ltr'><strong><em>ὑπερκατάληκτον.</em></strong></span> 
     </span>
    </p>

    <p class='ocr_par' dir='ltr' id='par_1_7' title="bbox 338 1165 1902 1227">
     <span class='ocr_line' id='line_1_15' title="bbox 338 1165 1902 1227; baseline -0.001 -14"><span class='ocrx_word' id='word_1_111' title='bbox 338 1171 407 1213; x_wconf 80' lang='grc' dir='ltr'><strong><em>Οὐ</em></strong></span> <span class='ocrx_word' id='word_1_112' title='bbox 448 1169 538 1227; x_wconf 80' lang='grc' dir='ltr'><strong><em>μὴν</em></strong></span> <span class='ocrx_word' id='word_1_113' title='bbox 570 1166 666 1212; x_wconf 81' lang='grc' dir='ltr'><strong><em>ἀλλ’</em></strong></span> <span class='ocrx_word' id='word_1_114' title='bbox 700 1166 810 1211; x_wconf 75' lang='grc' dir='ltr'><strong><em>οὐδὲ</em></strong></span> <span class='ocrx_word' id='word_1_115' title='bbox 851 1165 1201 1223; x_wconf 84' lang='grc' dir='ltr'><strong><em>μονόμετρον</em></strong></span> <span class='ocrx_word' id='word_1_116' title='bbox 1242 1165 1356 1217; x_wconf 82' lang='grc' dir='ltr'><strong><em>ὅλως</em></strong></span> <span class='ocrx_word' id='word_1_117' title='bbox 1388 1166 1477 1219; x_wconf 73' lang='grc' dir='ltr'><strong><em>ἕξει</em></strong></span> <span class='ocrx_word' id='word_1_118' title='bbox 1510 1167 1590 1212; x_wconf 80' lang='grc' dir='ltr'><strong><em>διὰ</em></strong></span> <span class='ocrx_word' id='word_1_119' title='bbox 1621 1167 1704 1218; x_wconf 78' lang='grc' dir='ltr'><strong><em>τὰς</em></strong></span> <span class='ocrx_word' id='word_1_120' title='bbox 1736 1167 1902 1223; x_wconf 84' lang='grc' dir='ltr'><strong><em>αἰτίας,</em></strong></span> 
     </span>
    </p>

    <p class='ocr_par' dir='ltr' id='par_1_8' title="bbox 148 1233 1904 1428">
     <span class='ocr_line' id='line_1_16' title="bbox 148 1233 1904 1295; baseline -0.001 -15"><span class='ocrx_word' id='word_1_121' title='bbox 148 1244 189 1275; x_wconf 78' lang='grc'><strong><em>15</em></strong></span> <span class='ocrx_word' id='word_1_122' title='bbox 215 1237 271 1288; x_wconf 80' lang='grc' dir='ltr'><strong><em>ἃς</em></strong></span> <span class='ocrx_word' id='word_1_123' title='bbox 303 1236 491 1294; x_wconf 80' lang='grc' dir='ltr'><strong><em>εἴπομεν</em></strong></span> <span class='ocrx_word' id='word_1_124' title='bbox 524 1237 575 1281; x_wconf 79' lang='grc' dir='ltr'><strong><em>ἐν</em></strong></span> <span class='ocrx_word' id='word_1_125' title='bbox 607 1239 670 1295; x_wconf 75' lang='grc' dir='ltr'><strong><em>τῷ</em></strong></span> <span class='ocrx_word' id='word_1_126' title='bbox 694 1234 801 1289; x_wconf 84' lang='grc' dir='ltr'><strong><em>περὶ</em></strong></span> <span class='ocrx_word' id='word_1_127' title='bbox 831 1239 913 1276; x_wconf 81' lang='grc' dir='ltr'><strong><em>τοῦ</em></strong></span> <span class='ocrx_word' id='word_1_128' title='bbox 947 1234 1245 1277; x_wconf 83' lang='grc' dir='ltr'><strong><em>ὃακτυλικοῦ·</em></strong></span> <span class='ocrx_word' id='word_1_129' title='bbox 1292 1234 1402 1279; x_wconf 78' lang='grc' dir='ltr'><strong><em>οὐδὲ</em></strong></span> <span class='ocrx_word' id='word_1_130' title='bbox 1435 1233 1701 1291; x_wconf 76' lang='grc' dir='ltr'><strong><em>δίμετρον</em></strong></span> <span class='ocrx_word' id='word_1_131' title='bbox 1733 1236 1904 1293; x_wconf 86' lang='grc' dir='ltr'><strong><em>βραχυ-</em></strong></span> 
     </span>
     <span class='ocr_line' id='line_1_17' title="bbox 214 1297 1903 1359; baseline -0.001 -12"><span class='ocrx_word' id='word_1_132' title='bbox 214 1303 504 1359; x_wconf 86' lang='grc' dir='ltr'><strong><em>κατάληκτον</em></strong></span> <span class='ocrx_word' id='word_1_133' title='bbox 543 1301 571 1358; x_wconf 76' lang='grc' dir='ltr'>ἢ</span> <span class='ocrx_word' id='word_1_134' title='bbox 612 1297 972 1357; x_wconf 85' lang='grc' dir='ltr'><strong><em>καταληκτικόν,</em></strong></span> <span class='ocrx_word' id='word_1_135' title='bbox 1014 1297 1091 1342; x_wconf 78' lang='grc' dir='ltr'><strong><em>ἵνα</em></strong></span> <span class='ocrx_word' id='word_1_136' title='bbox 1132 1299 1191 1357; x_wconf 86' lang='grc' dir='ltr'><strong><em>μὴ</em></strong></span> <span class='ocrx_word' id='word_1_137' title='bbox 1233 1300 1372 1344; x_wconf 90' lang='grc' dir='ltr'><strong><em>πάλιν</em></strong></span> <span class='ocrx_word' id='word_1_138' title='bbox 1403 1304 1465 1359; x_wconf 82' lang='grc' dir='ltr'><strong><em>τῷ</em></strong></span> <span class='ocrx_word' id='word_1_139' title='bbox 1506 1304 1762 1359; x_wconf 79' lang='grc' dir='ltr'><strong><em>δακτυλικῷ</em></strong></span> <span class='ocrx_word' id='word_1_140' title='bbox 1797 1316 1903 1346; x_wconf 87' lang='grc' dir='ltr'><strong><em>συν-</em></strong></span> 
     </span>
     <span class='ocr_line' id='line_1_18' title="bbox 213 1363 1417 1428; baseline -0.002 -15"><span class='ocrx_word' id='word_1_141' title='bbox 213 1368 396 1428; x_wconf 83' lang='grc' dir='ltr'><strong><em>εμπέσῃ.</em></strong></span> <span class='ocrx_word' id='word_1_142' title='bbox 461 1368 783 1425; x_wconf 78' lang='grc' dir='ltr'><strong><em>ἀκατάληκτον</em></strong></span> <span class='ocrx_word' id='word_1_143' title='bbox 817 1363 902 1410; x_wconf 82' lang='grc' dir='ltr'><strong><em>οὗν</em></strong></span> <span class='ocrx_word' id='word_1_144' title='bbox 935 1363 1150 1422; x_wconf 79' lang='grc' dir='ltr'><strong><em>ὃίμετρόν</em></strong></span> <span class='ocrx_word' id='word_1_145' title='bbox 1187 1367 1280 1412; x_wconf 81' lang='grc' dir='ltr'><strong><em>ἐστι</em></strong></span> <span class='ocrx_word' id='word_1_146' title='bbox 1310 1367 1417 1413; x_wconf 80' lang='grc' dir='ltr'><strong><em>τόδε</em></strong></span> 
     </span>
    </p>

    <p class='ocr_par' dir='ltr' id='par_1_9' title="bbox 214 1436 1792 1564">
     <span class='ocr_line' id='line_1_19' title="bbox 478 1436 935 1494; baseline -0.007 -12"><span class='ocrx_word' id='word_1_147' title='bbox 478 1436 670 1483; x_wconf 80' lang='grc' dir='ltr'><strong><em>ἀνίὸεον</em></strong></span> <span class='ocrx_word' id='word_1_148' title='bbox 703 1436 935 1494; x_wconf 83' lang='grc' dir='ltr'><strong><em>φανέντα·</em></strong></span> 
     </span>
     <span class='ocr_line' id='line_1_20' title="bbox 214 1501 1792 1564; baseline 0 -17"><span class='ocrx_word' id='word_1_149' title='bbox 214 1505 620 1561; x_wconf 83' lang='grc' dir='ltr'><strong><em>ὑπερκατάληκτον</em></strong></span> <span class='ocrx_word' id='word_1_150' title='bbox 654 1505 705 1550; x_wconf 78' lang='grc' dir='ltr'><strong><em>δὲ</em></strong></span> <span class='ocrx_word' id='word_1_151' title='bbox 735 1505 787 1548; x_wconf 89' lang='grc' dir='ltr'><strong><em>τὸ</em></strong></span> <span class='ocrx_word' id='word_1_152' title='bbox 820 1503 986 1548; x_wconf 88' lang='grc' dir='ltr'><strong><em>τούτου</em></strong></span> <span class='ocrx_word' id='word_1_153' title='bbox 1019 1506 1100 1564; x_wconf 82' lang='grc' dir='ltr'><strong><em>μιᾷ</em></strong></span> <span class='ocrx_word' id='word_1_154' title='bbox 1134 1503 1333 1560; x_wconf 81' lang='grc' dir='ltr'><strong><em>συλλαβῇ</em></strong></span> <span class='ocrx_word' id='word_1_155' title='bbox 1364 1501 1618 1555; x_wconf 85' lang='grc' dir='ltr'><strong><em>πλεονάζον</em></strong></span> <span class='ocrx_word' id='word_1_156' title='bbox 1651 1503 1712 1554; x_wconf 86' lang='grc' dir='ltr'><strong><em>ὡς</em></strong></span> <span class='ocrx_word' id='word_1_157' title='bbox 1741 1503 1792 1548; x_wconf 92' lang='grc' dir='ltr'><strong><em>τὸ</em></strong></span> 
     </span>
    </p>

    <p class='ocr_par' dir='ltr' id='par_1_10' title="bbox 148 1569 1015 1628">
     <span class='ocr_line' id='line_1_21' title="bbox 148 1569 1015 1628; baseline -0.006 -11"><span class='ocrx_word' id='word_1_158' title='bbox 148 1577 190 1607; x_wconf 80' lang='lat'><strong><em>20</em></strong></span> <span class='ocrx_word' id='word_1_159' title='bbox 438 1603 440 1606; x_wconf 35' lang='lat' dir='ltr'>v</span> <span class='ocrx_word' id='word_1_160' title='bbox 483 1570 675 1616; x_wconf 80' lang='grc' dir='ltr'><strong><em>ἀνίὸεον</em></strong></span> <span class='ocrx_word' id='word_1_161' title='bbox 709 1569 919 1627; x_wconf 80' lang='grc' dir='ltr'><strong><em>φανέντα</em></strong></span> <span class='ocrx_word' id='word_1_162' title='bbox 953 1586 1015 1628; x_wconf 75' lang='grc' dir='ltr'><strong><em>γε.</em></strong></span> 
     </span>
    </p>

    <p class='ocr_par' dir='ltr' id='par_1_11' title="bbox 212 1635 1904 1894">
     <span class='ocr_line' id='line_1_22' title="bbox 337 1635 1903 1695; baseline -0.001 -14"><span class='ocrx_word' id='word_1_163' title='bbox 337 1636 649 1694; x_wconf 90' lang='grc' dir='ltr'><strong><em>Τρίμετρον</em></strong></span> <span class='ocrx_word' id='word_1_164' title='bbox 697 1637 748 1682; x_wconf 78' lang='grc' dir='ltr'><strong><em>δὲ</em></strong></span> <span class='ocrx_word' id='word_1_165' title='bbox 796 1635 1232 1695; x_wconf 84' lang='grc' dir='ltr'><strong><em>βραχυκατάληκτον</em></strong></span> <span class='ocrx_word' id='word_1_166' title='bbox 1279 1635 1360 1692; x_wconf 76' lang='grc' dir='ltr'><strong><em>μὲν</em></strong></span> <span class='ocrx_word' id='word_1_167' title='bbox 1402 1636 1486 1679; x_wconf 82' lang='grc' dir='ltr'><strong><em>οὐκ</em></strong></span> <span class='ocrx_word' id='word_1_168' title='bbox 1527 1636 1675 1691; x_wconf 75' lang='grc' dir='ltr'><strong><em>ἔσται,</em></strong></span> <span class='ocrx_word' id='word_1_169' title='bbox 1723 1635 1802 1681; x_wconf 77' lang='grc' dir='ltr'><strong><em>ἵνα</em></strong></span> <span class='ocrx_word' id='word_1_170' title='bbox 1842 1637 1903 1694; x_wconf 84' lang='grc' dir='ltr'><strong><em>μὴ</em></strong></span> 
     </span>
     <span class='ocr_line' id='line_1_23' title="bbox 212 1701 1903 1763; baseline -0.001 -15"><span class='ocrx_word' id='word_1_171' title='bbox 212 1703 355 1748; x_wconf 87' lang='grc' dir='ltr'><strong><em>πάλιν</em></strong></span> <span class='ocrx_word' id='word_1_172' title='bbox 385 1709 447 1763; x_wconf 83' lang='grc' dir='ltr'><strong><em>τῷ</em></strong></span> <span class='ocrx_word' id='word_1_173' title='bbox 481 1707 738 1762; x_wconf 76' lang='grc' dir='ltr'><strong><em>ὃακτυλικῷ</em></strong></span> <span class='ocrx_word' id='word_1_174' title='bbox 771 1702 1053 1760; x_wconf 80' lang='grc' dir='ltr'><strong><em>συνεμπέσῃ,</em></strong></span> <span class='ocrx_word' id='word_1_175' title='bbox 1085 1701 1195 1747; x_wconf 75' lang='grc' dir='ltr'><strong><em>οὐδὲ</em></strong></span> <span class='ocrx_word' id='word_1_176' title='bbox 1227 1703 1560 1757; x_wconf 81' lang='grc' dir='ltr'><strong><em>καταληκτικὸν</em></strong></span> <span class='ocrx_word' id='word_1_177' title='bbox 1594 1702 1674 1747; x_wconf 75' lang='grc' dir='ltr'><strong><em>διὰ</em></strong></span> <span class='ocrx_word' id='word_1_178' title='bbox 1703 1704 1756 1747; x_wconf 88' lang='grc' dir='ltr'><strong><em>τὸ</em></strong></span> <span class='ocrx_word' id='word_1_179' title='bbox 1789 1704 1903 1748; x_wconf 80' lang='grc' dir='ltr'><strong><em>αὐτὸ</em></strong></span> 
     </span>
     <span class='ocr_line' id='line_1_24' title="bbox 213 1769 1904 1828; baseline 0 -14"><span class='ocrx_word' id='word_1_180' title='bbox 213 1778 363 1825; x_wconf 82' lang='grc' dir='ltr'><strong><em>τοῦτο,</em></strong></span> <span class='ocrx_word' id='word_1_181' title='bbox 395 1769 541 1828; x_wconf 90' lang='grc' dir='ltr'><strong><em>μόνον</em></strong></span> <span class='ocrx_word' id='word_1_182' title='bbox 574 1770 625 1815; x_wconf 79' lang='grc' dir='ltr'><strong><em>δὲ</em></strong></span> <span class='ocrx_word' id='word_1_183' title='bbox 658 1770 978 1827; x_wconf 80' lang='grc' dir='ltr'><strong><em>ἀκατάληκτον</em></strong></span> <span class='ocrx_word' id='word_1_184' title='bbox 1011 1770 1089 1813; x_wconf 86' lang='grc' dir='ltr'><strong><em>καὶ</em></strong></span> <span class='ocrx_word' id='word_1_185' title='bbox 1121 1769 1540 1825; x_wconf 82' lang='grc' dir='ltr'><strong><em>ὑπερκατάληκτον.</em></strong></span> <span class='ocrx_word' id='word_1_186' title='bbox 1604 1771 1699 1813; x_wconf 88' lang='grc' dir='ltr'><strong><em>Καὶ</em></strong></span> <span class='ocrx_word' id='word_1_187' title='bbox 1731 1770 1904 1814; x_wconf 82' lang='grc' dir='ltr'><strong><em>ἀκατά-</em></strong></span> 
     </span>
     <span class='ocr_line' id='line_1_25' title="bbox 215 1837 664 1894; baseline 0 -14"><span class='ocrx_word' id='word_1_188' title='bbox 215 1841 382 1894; x_wconf 90' lang='grc' dir='ltr'><strong><em>ληκτον</em></strong></span> <span class='ocrx_word' id='word_1_189' title='bbox 414 1837 497 1894; x_wconf 79' lang='grc' dir='ltr'><strong><em>μὲν</em></strong></span> <span class='ocrx_word' id='word_1_190' title='bbox 529 1845 664 1881; x_wconf 83' lang='grc' dir='ltr'><strong><em>τοῦτο</em></strong></span> 
     </span>
    </p>

    <p class='ocr_par' dir='ltr' id='par_1_12' title="bbox 149 1902 1904 2099">
     <span class='ocr_line' id='line_1_26' title="bbox 149 1902 1198 1961; baseline -0.004 -12"><span class='ocrx_word' id='word_1_191' title='bbox 149 1908 190 1939; x_wconf 72' lang='lat'><strong><em>&#39;25</em></strong></span> <span class='ocrx_word' id='word_1_192' title='bbox 483 1906 562 1948; x_wconf 82' lang='grc' dir='ltr'><strong><em>καὶ</em></strong></span> <span class='ocrx_word' id='word_1_193' title='bbox 594 1905 711 1948; x_wconf 78' lang='grc' dir='ltr'><strong><em>θεὸν</em></strong></span> <span class='ocrx_word' id='word_1_194' title='bbox 743 1902 951 1960; x_wconf 80' lang='grc' dir='ltr'><strong><em>ἁμερίοις</em></strong></span> <span class='ocrx_word' id='word_1_195' title='bbox 982 1905 1198 1961; x_wconf 85' lang='grc' dir='ltr'><strong><em>βροτοῖσι.</em></strong></span> 
     </span>
     <span class='ocr_line' id='line_1_27' title="bbox 215 1966 1904 2027; baseline -0.001 -13"><span class='ocrx_word' id='word_1_196' title='bbox 215 1978 350 2015; x_wconf 86' lang='grc' dir='ltr'><strong><em>τοῦτο</em></strong></span> <span class='ocrx_word' id='word_1_197' title='bbox 392 1971 442 2016; x_wconf 73' lang='grc' dir='ltr'><strong><em>δὲ</em></strong></span> <span class='ocrx_word' id='word_1_198' title='bbox 482 1972 561 2015; x_wconf 85' lang='grc' dir='ltr'><strong><em>καὶ</em></strong></span> <span class='ocrx_word' id='word_1_199' title='bbox 590 1968 851 2025; x_wconf 84' lang='grc' dir='ltr'><strong><em>Ἀλκαϊκόν,</em></strong></span> <span class='ocrx_word' id='word_1_200' title='bbox 892 1971 953 2020; x_wconf 86' lang='grc' dir='ltr'><strong><em>ὡς</em></strong></span> <span class='ocrx_word' id='word_1_201' title='bbox 992 1970 1191 2027; x_wconf 80' lang='grc' dir='ltr'><strong><em>ἔφαμεν,</em></strong></span> <span class='ocrx_word' id='word_1_202' title='bbox 1231 1968 1420 2027; x_wconf 76' lang='grc' dir='ltr'><strong><em>λέγεται.</em></strong></span> <span class='ocrx_word' id='word_1_203' title='bbox 1478 1966 1904 2025; x_wconf 75' lang='grc' dir='ltr'><strong><em>Ὑπερκατάληκτον</em></strong></span> 
     </span>
     <span class='ocr_line' id='line_1_28' title="bbox 217 2035 1355 2099; baseline -0.004 -17"><span class='ocrx_word' id='word_1_204' title='bbox 217 2038 267 2082; x_wconf 74' lang='grc' dir='ltr'><strong><em>δὲ</em></strong></span> <span class='ocrx_word' id='word_1_205' title='bbox 299 2038 349 2082; x_wconf 83' lang='grc' dir='ltr'><strong><em>τὸ</em></strong></span> <span class='ocrx_word' id='word_1_206' title='bbox 382 2038 548 2082; x_wconf 88' lang='grc' dir='ltr'><strong><em>τούτου</em></strong></span> <span class='ocrx_word' id='word_1_207' title='bbox 581 2042 663 2099; x_wconf 80' lang='grc' dir='ltr'><strong><em>μιᾷ</em></strong></span> <span class='ocrx_word' id='word_1_208' title='bbox 697 2039 895 2095; x_wconf 79' lang='grc' dir='ltr'><strong><em>συλλαβῇ</em></strong></span> <span class='ocrx_word' id='word_1_209' title='bbox 928 2035 1181 2089; x_wconf 82' lang='grc' dir='ltr'><strong><em>πλεονάζον</em></strong></span> <span class='ocrx_word' id='word_1_210' title='bbox 1213 2037 1274 2087; x_wconf 85' lang='grc' dir='ltr'><strong><em>ὡς</em></strong></span> <span class='ocrx_word' id='word_1_211' title='bbox 1304 2036 1355 2079; x_wconf 89' lang='grc' dir='ltr'><strong><em>τὸ</em></strong></span> 
     </span>
    </p>

    <p class='ocr_par' dir='ltr' id='par_1_13' title="bbox 482 2101 1282 2161">
     <span class='ocr_line' id='line_1_29' title="bbox 482 2101 1282 2161; baseline -0.003 -13"><span class='ocrx_word' id='word_1_212' title='bbox 482 2105 562 2148; x_wconf 84' lang='grc' dir='ltr'><strong><em>καὶ</em></strong></span> <span class='ocrx_word' id='word_1_213' title='bbox 593 2105 711 2149; x_wconf 74' lang='grc' dir='ltr'><strong><em>θεὸν</em></strong></span> <span class='ocrx_word' id='word_1_214' title='bbox 744 2102 952 2159; x_wconf 83' lang='grc' dir='ltr'><strong><em>ἁμερίοις</em></strong></span> <span class='ocrx_word' id='word_1_215' title='bbox 983 2101 1188 2161; x_wconf 84' lang='grc' dir='ltr'><strong><em>βροτοῖσί</em></strong></span> <span class='ocrx_word' id='word_1_216' title='bbox 1219 2119 1282 2159; x_wconf 76' lang='grc' dir='ltr'><strong><em>γε,</em></strong></span> 
     </span>
    </p>

    <p class='ocr_par' dir='ltr' id='par_1_14' title="bbox 335 2167 1902 2227">
     <span class='ocr_line' id='line_1_30' title="bbox 335 2167 1902 2227; baseline -0.001 -14"><span class='ocrx_word' id='word_1_217' title='bbox 335 2171 429 2214; x_wconf 85' lang='grc' dir='ltr'><strong><em>Καὶ</em></strong></span> <span class='ocrx_word' id='word_1_218' title='bbox 461 2170 806 2227; x_wconf 86' lang='grc' dir='ltr'><strong><em>τετράμετρα</em></strong></span> <span class='ocrx_word' id='word_1_219' title='bbox 839 2170 918 2214; x_wconf 87' lang='grc' dir='ltr'><strong><em>καὶ</em></strong></span> <span class='ocrx_word' id='word_1_220' title='bbox 951 2169 1306 2226; x_wconf 88' lang='grc' dir='ltr'><strong><em>πεντάμετρα</em></strong></span> <span class='ocrx_word' id='word_1_221' title='bbox 1338 2169 1553 2218; x_wconf 84' lang='grc' dir='ltr'><strong><em>ὡσαύτως</em></strong></span> <span class='ocrx_word' id='word_1_222' title='bbox 1583 2167 1703 2224; x_wconf 86' lang='grc' dir='ltr'><strong><em>μόνα</em></strong></span> <span class='ocrx_word' id='word_1_223' title='bbox 1729 2169 1902 2212; x_wconf 82' lang='grc' dir='ltr'><strong><em>ἀκατά-</em></strong></span> 
     </span>
    </p>

    <p class='ocr_par' dir='ltr' id='par_1_15' title="bbox 150 2233 1903 2427">
     <span class='ocr_line' id='line_1_31' title="bbox 150 2233 1903 2293; baseline -0.001 -13"><span class='ocrx_word' id='word_1_224' title='bbox 150 2242 191 2272; x_wconf 83' lang='lat'><strong><em>30</em></strong></span> <span class='ocrx_word' id='word_1_225' title='bbox 217 2240 357 2293; x_wconf 86' lang='grc' dir='ltr'><strong><em>ληκτα</em></strong></span> <span class='ocrx_word' id='word_1_226' title='bbox 398 2238 478 2280; x_wconf 83' lang='grc' dir='ltr'><strong><em>καὶ</em></strong></span> <span class='ocrx_word' id='word_1_227' title='bbox 517 2235 899 2293; x_wconf 81' lang='grc' dir='ltr'><strong><em>ὑπερκατάληκτα</em></strong></span> <span class='ocrx_word' id='word_1_228' title='bbox 941 2235 1124 2280; x_wconf 75' lang='grc' dir='ltr'><strong><em>ἔσονται</em></strong></span> <span class='ocrx_word' id='word_1_229' title='bbox 1165 2236 1243 2280; x_wconf 78' lang='grc' dir='ltr'><strong><em>διὰ</em></strong></span> <span class='ocrx_word' id='word_1_230' title='bbox 1282 2235 1366 2287; x_wconf 80' lang='grc' dir='ltr'><strong><em>τὰς</em></strong></span> <span class='ocrx_word' id='word_1_231' title='bbox 1406 2233 1577 2289; x_wconf 82' lang='grc' dir='ltr'><strong><em>αἰτίας,</em></strong></span> <span class='ocrx_word' id='word_1_232' title='bbox 1627 2234 1683 2285; x_wconf 80' lang='grc' dir='ltr'><strong><em>ἃς</em></strong></span> <span class='ocrx_word' id='word_1_233' title='bbox 1715 2235 1903 2292; x_wconf 80' lang='grc' dir='ltr'><strong><em>εἴπομεν</em></strong></span> 
     </span>
     <span class='ocr_line' id='line_1_32' title="bbox 215 2299 1902 2360; baseline -0.001 -13"><span class='ocrx_word' id='word_1_234' title='bbox 215 2303 446 2355; x_wconf 90' lang='grc' dir='ltr'><strong><em>πολλάκις.</em></strong></span> <span class='ocrx_word' id='word_1_235' title='bbox 496 2304 575 2347; x_wconf 84' lang='grc' dir='ltr'><strong><em>καὶ</em></strong></span> <span class='ocrx_word' id='word_1_236' title='bbox 607 2303 912 2360; x_wconf 84' lang='grc' dir='ltr'><strong><em>τετράμετρον</em></strong></span> <span class='ocrx_word' id='word_1_237' title='bbox 945 2303 1027 2358; x_wconf 81' lang='grc' dir='ltr'><strong><em>μὲν</em></strong></span> <span class='ocrx_word' id='word_1_238' title='bbox 1060 2302 1396 2359; x_wconf 80' lang='grc' dir='ltr'><strong><em>ἀκατάληκτον,</em></strong></span> <span class='ocrx_word' id='word_1_239' title='bbox 1429 2301 1452 2347; x_wconf 84' lang='grc' dir='ltr'>ὃ</span> <span class='ocrx_word' id='word_1_240' title='bbox 1478 2302 1557 2345; x_wconf 84' lang='grc' dir='ltr'><strong><em>καὶ</em></strong></span> <span class='ocrx_word' id='word_1_241' title='bbox 1583 2299 1902 2356; x_wconf 83' lang='grc' dir='ltr'><strong><em>Πραξίλλειον,</em></strong></span> 
     </span>
     <span class='ocr_line' id='line_1_33' title="bbox 218 2369 1134 2427; baseline 0 -14"><span class='ocrx_word' id='word_1_242' title='bbox 218 2371 277 2421; x_wconf 87' lang='grc' dir='ltr'><strong><em>ὡς</em></strong></span> <span class='ocrx_word' id='word_1_243' title='bbox 311 2371 487 2426; x_wconf 82' lang='grc' dir='ltr'><strong><em>ἔφαμεν</em></strong></span> <span class='ocrx_word' id='word_1_244' title='bbox 522 2372 639 2427; x_wconf 82' lang='lat'>(379,</span> <span class='ocrx_word' id='word_1_245' title='bbox 658 2372 730 2426; x_wconf 76' lang='lat'><strong><em>34)</em></strong></span> <span class='ocrx_word' id='word_1_246' title='bbox 765 2369 1052 2425; x_wconf 77' lang='grc' dir='ltr'><strong><em>ὀνομάζεται,</em></strong></span> <span class='ocrx_word' id='word_1_247' title='bbox 1083 2369 1134 2413; x_wconf 92' lang='grc' dir='ltr'><strong><em>τὸ</em></strong></span> 
     </span>
    </p>

    <p class='ocr_par' dir='ltr' id='par_1_16' title="bbox 211 2433 1899 2561">
     <span class='ocr_line' id='line_1_34' title="bbox 482 2433 1310 2492; baseline -0.004 -11"><span class='ocrx_word' id='word_1_248' title='bbox 482 2435 673 2481; x_wconf 81' lang='grc' dir='ltr'><strong><em>ἀνίὸεον</em></strong></span> <span class='ocrx_word' id='word_1_249' title='bbox 705 2435 908 2492; x_wconf 81' lang='grc' dir='ltr'><strong><em>θεότητα</em></strong></span> <span class='ocrx_word' id='word_1_250' title='bbox 939 2435 1115 2492; x_wconf 78' lang='grc' dir='ltr'><strong><em>λόγοισι</em></strong></span> <span class='ocrx_word' id='word_1_251' title='bbox 1146 2433 1310 2486; x_wconf 79' lang='grc' dir='ltr'><strong><em>θείοις.</em></strong></span> 
     </span>
     <span class='ocr_line' id='line_1_35' title="bbox 211 2500 1899 2561; baseline -0.001 -16"><span class='ocrx_word' id='word_1_252' title='bbox 211 2500 634 2559; x_wconf 69' lang='grc' dir='ltr'><strong><em>’Τπερκατάληκτον</em></strong></span> <span class='ocrx_word' id='word_1_253' title='bbox 667 2503 718 2547; x_wconf 78' lang='grc' dir='ltr'><strong><em>δὲ</em></strong></span> <span class='ocrx_word' id='word_1_254' title='bbox 749 2503 800 2546; x_wconf 91' lang='grc' dir='ltr'><strong><em>τὸ</em></strong></span> <span class='ocrx_word' id='word_1_255' title='bbox 826 2502 993 2546; x_wconf 88' lang='grc' dir='ltr'><strong><em>τούτου</em></strong></span> <span class='ocrx_word' id='word_1_256' title='bbox 1020 2503 1218 2559; x_wconf 84' lang='grc' dir='ltr'><strong><em>συλλαβῇ</em></strong></span> <span class='ocrx_word' id='word_1_257' title='bbox 1243 2505 1326 2561; x_wconf 83' lang='grc' dir='ltr'><strong><em>μιᾷ</em></strong></span> <span class='ocrx_word' id='word_1_258' title='bbox 1351 2504 1671 2546; x_wconf 85' lang='grc' dir='ltr'><strong><em>πλεονεκτοῦν.</em></strong></span> <span class='ocrx_word' id='word_1_259' title='bbox 1721 2500 1899 2544; x_wconf 83' lang='grc' dir='ltr'><strong><em>Πεντά-</em></strong></span> 
     </span>
    </p>
   </div>
   <div class='ocr_carea' id='block_1_6' title="bbox 218 2654 1899 2771">
    <p class='ocr_par' dir='ltr' id='par_1_17' title="bbox 218 2654 1899 2771">
     <span class='ocr_line' id='line_1_36' title="bbox 335 2654 1899 2713; baseline -0.001 -15"><span class='ocrx_word' id='word_1_260' title='bbox 335 2660 359 2698; x_wconf 87' lang='grc'><strong>9</strong></span> <span class='ocrx_word' id='word_1_261' title='bbox 379 2656 469 2699; x_wconf 89' lang='lat' dir='ltr'><strong><em>duo</em></strong></span> <span class='ocrx_word' id='word_1_262' title='bbox 488 2669 606 2711; x_wconf 81' lang='lat' dir='ltr'><strong>quae</strong></span> <span class='ocrx_word' id='word_1_263' title='bbox 627 2657 909 2700; x_wconf 74' lang='lat' dir='ltr'>antecedunt</span> <span class='ocrx_word' id='word_1_264' title='bbox 933 2671 1104 2713; x_wconf 82' lang='lat' dir='ltr'>genera</span> <span class='ocrx_word' id='word_1_265' title='bbox 1122 2657 1380 2712; x_wconf 79' lang='lat' dir='ltr'><strong>desumpsit</strong></span> <span class='ocrx_word' id='word_1_266' title='bbox 1397 2670 1453 2699; x_wconf 79' lang='lat' dir='ltr'><strong><em>ex</em></strong></span> <span class='ocrx_word' id='word_1_267' title='bbox 1470 2656 1618 2711; x_wconf 85' lang='lat' dir='ltr'>Heph.</span> <span class='ocrx_word' id='word_1_268' title='bbox 1638 2658 1685 2698; x_wconf 72' lang='lat' dir='ltr'><strong><em>et</em></strong></span> <span class='ocrx_word' id='word_1_269' title='bbox 1709 2654 1899 2708; x_wconf 78' lang='lat' dir='ltr'>schol.¹³;</span> 
     </span>
     <span class='ocr_line' id='line_1_37' title="bbox 218 2715 960 2771; baseline 0.004 -16"><span class='ocrx_word' id='word_1_270' title='bbox 218 2715 310 2756; x_wconf 81' lang='lat' dir='ltr'><strong><em>iam</em></strong></span> <span class='ocrx_word' id='word_1_271' title='bbox 345 2729 475 2757; x_wconf 81' lang='lat' dir='ltr'>suum</span> <span class='ocrx_word' id='word_1_272' title='bbox 510 2716 720 2771; x_wconf 74' lang='lat' dir='ltr'>sequitur</span> <span class='ocrx_word' id='word_1_273' title='bbox 752 2716 960 2759; x_wconf 86' lang='lat' dir='ltr'>ordinem</span> 
     </span>
    </p>
   </div>
   <div class='ocr_carea' id='block_1_7' title="bbox 218 2859 1898 2975">
    <p class='ocr_par' dir='ltr' id='par_1_18' title="bbox 218 2859 1898 2975">
     <span class='ocr_line' id='line_1_38' title="bbox 338 2859 1898 2920; baseline 0.001 -17"><span class='ocrx_word' id='word_1_274' title='bbox 338 2867 356 2903; x_wconf 92' lang='lat'>1</span> <span class='ocrx_word' id='word_1_275' title='bbox 393 2860 660 2918; x_wconf 85' lang='grc' dir='ltr'><strong><em>ποιητρείας</em></strong></span> <span class='ocrx_word' id='word_1_276' title='bbox 691 2864 736 2905; x_wconf 87' lang='grc' dir='ltr'><em>Ρ</em></span> <span class='ocrx_word' id='word_1_277' title='bbox 763 2865 777 2918; x_wconf 84' lang='grc' dir='ltr'><strong><em>ΙΙ</em></strong></span> <span class='ocrx_word' id='word_1_278' title='bbox 809 2867 834 2905; x_wconf 82' lang='lat'>5</span> <span class='ocrx_word' id='word_1_279' title='bbox 867 2879 914 2907; x_wconf 90' lang='grc' dir='ltr'><strong><em>τε</em></strong></span> <span class='ocrx_word' id='word_1_280' title='bbox 949 2866 995 2906; x_wconf 72' lang='lat' dir='ltr'><strong><em>et</em></strong></span> <span class='ocrx_word' id='word_1_281' title='bbox 1028 2863 1084 2906; x_wconf 81' lang='grc' dir='ltr'><strong><em>τὰ</em></strong></span> <span class='ocrx_word' id='word_1_282' title='bbox 1118 2866 1220 2920; x_wconf 75' lang='lat' dir='ltr'><strong>(pr.)</strong></span> <span class='ocrx_word' id='word_1_283' title='bbox 1254 2877 1339 2906; x_wconf 88' lang='lat' dir='ltr'><strong><em>om.</em></strong></span> <span class='ocrx_word' id='word_1_284' title='bbox 1369 2865 1445 2919; x_wconf 84' lang='grc' dir='ltr'><strong><em>ΡΗ</em></strong></span> <span class='ocrx_word' id='word_1_285' title='bbox 1472 2867 1522 2904; x_wconf 96' lang='grc'><strong><em>21</em></strong></span> <span class='ocrx_word' id='word_1_286' title='bbox 1558 2859 1772 2916; x_wconf 86' lang='grc' dir='ltr'><strong><em>τρίμετρα</em></strong></span> <span class='ocrx_word' id='word_1_287' title='bbox 1806 2862 1859 2904; x_wconf 91' lang='lat' dir='ltr'><strong><em>K</em></strong></span> <span class='ocrx_word' id='word_1_288' title='bbox 1885 2861 1898 2918; x_wconf 81' lang='grc' dir='ltr'>Ἰ</span> 
     </span>
     <span class='ocr_line' id='line_1_39' title="bbox 218 2919 661 2975; baseline 0.005 -13"><span class='ocrx_word' id='word_1_289' title='bbox 218 2924 271 2962; x_wconf 88' lang='grc'><strong><em>22</em></strong></span> <span class='ocrx_word' id='word_1_290' title='bbox 308 2919 581 2975; x_wconf 78' lang='grc' dir='ltr'><strong><em>συνεμπέσοι</em></strong></span> <span class='ocrx_word' id='word_1_291' title='bbox 609 2922 661 2964; x_wconf 88' lang='lat' dir='ltr'><strong><em>K</em></strong></span> 
     </span>
    </p>
   </div>
   <div class='ocr_carea' id='block_1_8' title="bbox 1936 2437 2008 2491">
    <p class='ocr_par' dir='ltr' id='par_1_19' title="bbox 1936 2437 2008 2491">
     <span class='ocr_line' id='line_1_40' title="bbox 1936 2437 2008 2491; baseline 0 -13"><span class='ocrx_word' id='word_1_292' title='bbox 1936 2437 2008 2491; x_wconf 80' lang='lat'><strong><em>(27</em></strong></span> 
     </span>
    </p>
   </div>
   <div class='ocr_carea' id='block_1_9' title="bbox 2037 2388 2060 2918">
    <p class='ocr_par' dir='ltr' id='par_1_20' title="bbox 2037 2388 2060 2918">
     <span class='ocr_line' id='line_1_41' title="bbox 2037 2388 2060 2494; baseline 0 -95"><span class='ocrx_word' id='word_1_293' title='bbox 2037 2388 2060 2494; x_wconf 42' lang='lat' dir='ltr'>i</span> 
     </span>
     <span class='ocr_line' id='line_1_42' title="bbox 2052 2492 2058 2608; baseline 0 -37"><span class='ocrx_word' id='word_1_294' title='bbox 2052 2492 2058 2608; x_wconf 58' lang='grc' dir='ltr'><em>ς</em></span> 
     </span>
     <span class='ocr_line' id='line_1_43' title="bbox 2052 2626 2057 2747; baseline 0 0"><span class='ocrx_word' id='word_1_295' title='bbox 2052 2626 2057 2747; x_wconf 76' lang='grc' dir='ltr'>ἶ</span> 
     </span>
     <span class='ocr_line' id='line_1_44' title="bbox 2051 2808 2055 2918; baseline 0 0"><span class='ocrx_word' id='word_1_296' title='bbox 2051 2808 2055 2918; x_wconf 73' lang='grc' dir='ltr'>ἔ</span> 
     </span>
    </p>
   </div>
   <div class='ocr_carea' id='block_1_10' title="bbox 2053 2248 2060 2386">
    <p class='ocr_par' dir='ltr' id='par_1_21' title="bbox 2053 2248 2060 2386">
     <span class='ocr_line' id='line_1_45' title="bbox 2053 2248 2060 2303; baseline 0 0"><span class='ocrx_word' id='word_1_297' title='bbox 2053 2248 2060 2303; x_wconf 71' lang='lat'><em>3</em></span> 
     </span>
     <span class='ocr_line' id='line_1_46' title="bbox 2054 2306 2060 2320; baseline 0 0"><span class='ocrx_word' id='word_1_298' title='bbox 2054 2306 2060 2320; x_wconf 77' lang='grc'>.</span> 
     </span>
     <span class='ocr_line' id='line_1_47' title="bbox 2054 2330 2060 2386; baseline 0 0"><span class='ocrx_word' id='word_1_299' title='bbox 2054 2330 2060 2386; x_wconf 66' lang='grc' dir='ltr'><strong><em>ἓ</em></strong></span> 
     </span>
    </p>
   </div>
  </div>
 </body>
</html>
