2090 3158
245 145 312 197 10
439 146 861 188 ΗΦΑΙΣΤΙΩΝΟΣ
891 146 1281 187 ΕΓΧΕῙΡΙΔΙΟΝ
1312 145 1458 186 ΠΕΡΙ
1487 143 1748 186 ΜΕΤΡΩΝ.

242 281 327 349 (4)
376 282 452 333 Τὰ
490 277 591 350 μὲν
629 281 733 348 γὰρ
773 286 1001 332 τοιαῦτα
1846 354 1849 357 .
1959 285 2036 342 [22

427 359 539 415 ὦκα
580 360 963 431 ἑκατόγχειρον
1001 358 1252 413 καλέσασ’
1301 359 1378 430 (A
1408 357 1542 431 402)

240 463 330 496 και
425 530 562 578 θῖνα
603 523 701 592 ἐφ’
739 523 868 586 ἁλὸς
906 491 1102 590 πολιῆς
1143 520 1218 593 (A
1251 521 1374 574 350.
1413 526 1479 574 N
1504 522 1626 575 682.
1669 521 1719 582 Ξ
1745 520 1840 593 31)

193 629 215 661 5
242 607 307 659 οὐ
349 610 560 675 μᾶλλον
599 606 1026 675 συνεκφώνησιν
1064 601 1174 672 ἔχει
1213 603 1245 671 ἢ
1287 606 1649 673 συναλοιφήν.

353 688 435 756 (5)
460 686 618 739 ’Ἐστι
658 683 718 739 δὲ
759 686 901 738 ὅπου
940 684 1030 738 καὶ
1071 688 1298 755 βραχεῖα
1330 683 1419 738 καὶ
1451 686 1611 754 κοινὴ
1644 683 1767 738 ἀντὶ
1798 688 1931 756 βρα-

240 771 389 837 χείας
428 767 950 838 παραλαμβάνονται
990 767 1061 831 ὡς
1101 766 1162 819 ἐν
1200 773 1274 839 τῷ

427 848 666 921 δενδρέῳ
701 848 1016 918 ἐφεζόμενοι
1049 850 1155 901 ὅπα
1187 849 1529 915 λειριόεσσαν
1558 848 1685 900 ἱεῖσι
1712 845 1930 919 (Γ152)
1965 862 2020 901 12

239 929 330 983 καὶ

176 1037 218 1069 10
428 1011 640 1082 χρυσέῳ
683 1011 789 1064 ἀνὰ
828 1013 1082 1082 σκήπτρῳ
1121 1009 1200 1082 (A
1236 1010 1319 1062 15.
1353 1008 1500 1081 374).

1038 1231 1132 1284 III.

866 1349 1030 1421 Περὶ
1069 1351 1306 1404 ποδῶν.

351 1470 433 1538 (1)
474 1470 571 1523 Ἐκ
617 1479 728 1523 τῶν
776 1473 1068 1537 συλλαβῶν
1108 1473 1252 1524 εἰσιν
1291 1471 1342 1523 οἱ
1375 1471 1559 1533 πόδες·
1617 1466 1695 1523 ὧν
1743 1470 1931 1523 δισύλ-

241 1555 400 1620 λαβοι
439 1550 541 1621 μὲν
579 1552 862 1653 τέσσαρες·

174 1658 215 1690 15
427 1635 685 1703 δίχρονος
725 1636 818 1702 εἰς,
859 1634 918 1687 ἐκ
959 1635 1061 1687 δύο
1101 1638 1390 1704 βραχειῶν,
1431 1633 1510 1703 [ὁ]
1550 1635 1855 1704 πυρρίχιος.
1964 1642 2058 1700 [23]

425 1717 708 1784 τρίχρονοι
747 1712 807 1768 δε
848 1716 974 1768 δύο·

501 1816 560 1849 εκ
599 1816 806 1866 μακρας
844 1797 933 1850 καὶ
970 1799 1246 1899 βραχείας,
1285 1805 1559 1865 τροχαῖος·

502 1877 561 1931 ἐκ
601 1880 857 1948 βραχείας
896 1877 987 1932 καὶ
1027 1887 1252 1948 μακρᾶς,
1293 1878 1500 1945 ἴαμβος.

360 2044 384 2081 8
412 2039 581 2083 SCh01.B
604 2044 674 2095 22,
700 2045 724 2082 2
756 2042 760 2096 Ι
790 2044 815 2083 8
850 2041 895 2083 eb
922 2044 976 2083 10
993 2039 1116 2082 AVI
1141 2042 1240 2093 178,
1266 2043 1319 2082 31
1341 2053 1406 2094 sq.
1442 2043 1541 2092 213,
1569 2043 1636 2081 12.
1673 2043 1727 2081 14
1751 2041 1765 2095 ΙΙ
1791 2043 1843 2081 11
1871 2038 1932 2082 a'd.

242 2112 340 2154 cap.
367 2098 431 2141 III
479 2099 534 2141 cf.
584 2099 754 2142 schoLB
792 2114 827 2142 c.
855 2103 923 2142 20.
985 2099 1119 2142 Dion.
1168 2097 1272 2141 Hal.
1323 2098 1380 2141 de
1428 2112 1576 2153 comp.
1623 2097 1746 2142 verb.
1789 2112 1824 2141 c.
1854 2102 1930 2151 173

242 2157 396 2210 Quint.
421 2158 485 2200 IX
509 2163 548 2210 4,
577 2163 644 2200 79.
700 2158 813 2202 Mar.
848 2158 967 2202 Plot.
986 2158 1050 2202 VI
1073 2162 1172 2201 497.
1221 2157 1370 2200 Diom.
1396 2157 1417 2199 Ι
1447 2161 1547 2200 474.
1595 2157 1710 2201 Mar.
1729 2156 1850 2201 Viot.
1867 2157 1932 2200 VI

241 2221 311 2270 44,
347 2222 413 2260 10.
469 2218 544 2260 At.
578 2217 700 2260 Fort.
726 2217 789 2260 VI
822 2221 928 2272 280,
964 2222 1002 2261 9.
1060 2217 1160 2260 Ter.
1200 2216 1347 2260 Maur.
1374 2216 1438 2259 VI
1470 2221 1554 2259 366
1587 2231 1625 2259 V.
1663 2220 1790 2260 1359.
1845 2216 1929 2260 Iul.

243 2276 392 2320 Sever.
411 2276 475 2319 VI
500 2281 599 2320 641.
653 2276 753 2319 AV
783 2276 803 2318 I
830 2281 897 2319 99.
925 2281 1023 2320 222.
1060 2281 1158 2319 232.
1187 2302 1241 2308 -
1266 2275 1323 2320 Is.
1350 2275 1500 2319 Tzetz.
1526 2275 1619 2318 ΑΡ
1643 2275 1664 2318 Ι
1697 2280 1751 2318 68

362 2430 385 2466 2
420 2419 1225 2482 ὦκαἯίΙε,111.,ὦχ’1)ΙΗ,ὡς-Α
1283 2426 1288 2480 Ι
1348 2424 1393 2474 ἐς
1425 2424 1603 2479 μακρὸν
1637 2423 1741 2466 add.
1770 2424 1832 2496 D,
1866 2422 1931 2472 εἰς

241 2484 420 2538 μακρὸν
446 2483 651 2540 ὄλυμπον
677 2483 783 2527 add.
817 2485 850 2526 Ι
897 2486 911 2538 ΙΙ
966 2489 993 2525 4
1024 2484 1162 2541 θῖνα]
1194 2482 1298 2527 θῖν’
1337 2483 1466 2526 codd.
1521 2486 1525 2537 Ι
1580 2482 1746 2526 Iadd.
1781 2481 1931 2537 ὁρόων

244 2542 316 2585 ἐπὶ
342 2541 511 2585 οἴνοπα
535 2541 731 2597 πόντον,
758 2556 831 2598 ap.
857 2542 991 2586 Hom.
1010 2546 1051 2586 A
1078 2547 1163 2586 350
1189 2541 1343 2597 ὁράων
1368 2539 1441 2585 ἐπ’
1471 2539 1700 2596 ἀπείρονα
1717 2539 1891 2585 πόντον
1915 2542 1929 2596 ΙΙ

243 2606 267 2643 5
301 2601 561 2656 συναλιφήν
586 2603 631 2645 A
655 2604 668 2657 ΙΙ
694 2607 718 2644 6
752 2602 831 2645 καὶ
867 2602 1029 2658 (prius)
1056 2616 1142 2645 om.
1170 2603 1203 2644 Ι
1221 2604 1234 2658 ΙΙ
1261 2606 1283 2644 7
1309 2600 1722 2674 παραλαμβάνεται
1746 2600 1898 2644 DIH
1916 2601 1930 2655 ΙΙ

243 2663 268 2702 8
302 2659 407 2703 ἱεῖσι
432 2661 662 2714 1),ἰεῖσσι
687 2662 732 2704 Α
771 2663 785 2716 ΙΙ
827 2665 880 2703 10
915 2663 948 2703 Ι
974 2661 1079 2704 add.
1115 2661 1195 2703 καὶ
1227 2658 1423 2703 ἐλίσσετο
1456 2658 1636 2709 πάντας
1661 2659 1927 2716 ἀχαιούςε

241 2723 281 2761 Α
303 2725 355 2761 15
396 2722 409 2775 Η
452 2724 503 2762 13
530 2721 766 2776 συλλαβῶν
798 2720 856 2763 ab
882 2720 946 2762 Al
970 2733 1169 2763 (1011611
1200 2721 1361 2763 ποδῶν
1398 2721 1413 2775 ΙΙ
1455 2723 1507 2761 15
1541 2716 1756 2774 ὃίχρονος
1786 2717 1837 2760 δὲ
1869 2719 1927 2772 A,

243 2776 457 2834 δίχρονος
488 2777 570 2833 μὲν
602 2780 692 2822 DI
746 2781 750 2836 Ι
810 2796 832 2821 ο
868 2779 1017 2822 delevi
1071 2781 1076 2835 Ι
1127 2779 1367 2822 schemata
1399 2777 1684 2832 syllabarum
1714 2776 1764 2819 in
1787 2777 1935 2820 ADI

241 2836 370 2879 nulla
399 2839 403 2893 Ι
435 2842 486 2879 17
523 2837 571 2880 ἐκ
605 2836 687 2893 μὲν
720 2844 898 2893 μακρᾶς
922 2838 970 2881 D
999 2840 1004 2893 Ι
1034 2839 1141 2881 ante
1172 2844 1387 2894 τροχαῖος
1419 2837 1523 2879 add.
1560 2835 1583 2879 ὃ
1616 2837 1709 2879 DI
1736 2838 1750 2892 ΙΙ
1791 2839 1845 2878 18
1879 2835 1929 2878 ἐκ

243 2896 292 2939 δὲ
326 2898 374 2939 D
403 2898 407 2950 Ι
438 2895 460 2938 ὁ
496 2894 661 2954 (ἴαμβος
692 2898 782 2940 DI
