2060 3168
259 205 368 256 242
710 206 1020 248 ΓΕῼΡΓΙΟΤ
1053 207 1492 248 ΧοῑΡοΒοΣΚοΤ

986 397 1109 467 Cap.
1135 397 1226 451 XI.

529 515 693 587 Περὶ
736 519 1008 570 ἰωνικοῦ
1047 524 1163 569 τοῦ
1204 516 1325 570 ἀπὸ
1365 519 1679 585 μείζονος.

371 637 446 690 Τὸ
488 637 595 689 ἀπὸ
637 637 877 701 μείζονος
918 635 1148 688 Ἰωνικὸν
1190 636 1480 688 ευντίθεται
1529 639 1623 703 μὲν
1663 639 1747 689 καὶ
1785 642 1944 690 καθα-

261 719 373 782 ρόν,
415 719 704 770 ευντίθεται
735 716 867 785 (bk)
905 718 990 769 καὶ
1029 718 1165 781 πρὸ(
1203 717 1297 769 τὰ(
1336 719 1620 782 τροχαϊκὰε
1661 719 1944 783 ἐπίμικτον.

219 799 430 852 5--U

193 1224 235 1256 10

193 1631 233 1663 15

192 2038 235 2069 20

371 880 445 932 Τὸ
502 880 610 932 ἀπὸ
658 881 900 944 μείζονος
947 879 1178 932 Ἰωνικὸν
1231 880 1522 932 ευντίθεται
1571 883 1687 946 μὲν·
1741 878 1830 932 καὶ
1879 881 1945 932 τὰ

262 959 393 1030 ἑξῆς.
432 992 506 999 —
544 961 604 1013 K

375 1045 625 1110 Ζητεῖται
673 1043 765 1094 διὰ
811 1044 869 1093 τί
913 1041 984 1108 μὴ
1033 1040 1165 1109 μετὰ
1206 1042 1265 1094 τὸ
1306 1041 1734 1096 ἀντισπαστικὸν
1773 1043 1947 1104 εὐθὺς
1978 1050 2060 1106 (181

259 1128 357 1173 τοῦ
413 1121 501 1174 ἀπ’
550 1120 847 1184 ἐλάσσονος
902 1120 1126 1190 ἤρξατο,
1181 1122 1318 1175 ἀλλὰ
1372 1131 1471 1176 τοῦ
1527 1123 1631 1176 ἀπὸ
1685 1125 1944 1191 μείζονος.
1979 1133 2033 1172 ’”9

259 1201 350 1255 καὶ
383 1202 582 1270 φαμέν,
615 1203 699 1255 ὅτι
732 1213 953 1273 πρῶτον
984 1212 1078 1272 τῆς
1110 1205 1428 1274 τετραδικῆς
1461 1206 1780 1273 συγγενείας
1811 1223 1946 1274 παρ-

261 1281 417 1351 έλαβε
456 1284 516 1336 τὸ
557 1286 935 1353 χοριαμβικόν,
983 1279 1049 1337 οὗ
1092 1288 1367 1354 συλλαβῆς
1407 1285 1817 1355 ἀφαιρουμένης
1858 1288 1946 1338 ι’ω-

259 1364 418 1416 νικὸν
458 1363 558 1416 ἀπ’
597 1362 894 1427 ἐλάσσονος
933 1366 1159 1434 γίνεται,
1200 1364 1253 1429 ἐξ
1294 1363 1360 1420 οὗ
1401 1367 1429 1420 ὁ
1471 1367 1851 1434 ἀντίσπαστος,
1892 1364 1945 1429 ἐξ

259 1441 326 1498 οὗ
367 1445 395 1498 ὁ
439 1446 658 1508 ἰωνικὸς
705 1446 810 1499 ἀπὸ
857 1448 1126 1512 μείζονος·
1175 1447 1312 1510 ἅπαξ
1354 1448 1415 1501 δὲ
1443 1449 1586 1517 Υμετὰ
1624 1448 1684 1500 τὸ
1724 1468 1946 1517 χοριαμ-

257 1527 417 1594 βικὸν
461 1528 522 1579 τὸ
571 1527 871 1591 ἀντιπαθὲς
914 1528 1085 1582 αὐτοῦ
1126 1529 1552 1582 ἀντισπαστικὸν
1589 1530 1940 1597 παραλαβών,

257 1614 511 1670 πιθανῶς
547 1616 647 1661 τοῦ
687 1609 782 1676 <ἐκ
820 1610 957 1677 τοῦ>
996 1609 1422 1664 ἀντισπαστικοῦ
1470 1610 1772 1678 γενομένου
1811 1611 1946 1663 κατὰ

259 1690 555 1759 ἀφαίρεσιν
593 1689 808 1759 ἤρξατο.

372 1770 567 1825 Ἰστέον
608 1768 712 1824 οὖν
752 1772 835 1824 ὅτι
874 1773 940 1824 τὰ
977 1774 1170 1825 ἰωνικὰ
1202 1773 1367 1826 εἴωθε
1400 1773 1659 1842 δέχεσθαι
1692 1775 1789 1836 τὰς
1821 1794 1945 1842 τρο-

259 1854 471 1922 χαϊκάς,
520 1853 608 1906 ὅτε
649 1851 763 1905 ἐστὶ
801 1855 935 1906 κατὰ
976 1855 1352 1921 συμπάθειαν,
1401 1855 1474 1916 ὡς
1512 1855 1579 1906 τὰ
1616 1855 1946 1923 χοριαμβικὰ
1979 1863 2060 1917 (19⁴

259 1935 348 1987 καὶ
402 1934 795 1987 ἀντισπαστικὰ
849 1935 943 1998 τὰς
998 1936 1264 2003 ἰαμβικάς.
1349 1932 1464 1988 ἔστι
1511 1934 1571 1988 δ’
1617 1935 1705 1988 ὅτε
1752 1934 1842 1988 καὶ
1891 1933 1944 1998 ἐξ

261 2017 406 2068 ὅλων
444 2025 749 2085 τροχαῖκῶν
789 2016 1087 2084 σύγκειται,
1127 2017 1199 2079 ὡς
1239 2015 1324 2068 ἐπὶ
1367 2017 1530 2069 τοῦδε

408 2098 670 2167 σαρκικὸν
710 2099 812 2166 γὰρ
855 2091 962 2166 εἶχε
1002 2107 1181 2166 χρῶτα
1220 2098 1310 2150 καὶ
1349 2098 1408 2150 τὸ
1451 2095 1603 2166 δέρμ’
1643 2097 1852 2163 ὅμοιον.

261 2179 552 2246 διαιρεῖται
592 2175 652 2230 δὲ
693 2178 797 2230 ἀπὸ
838 2186 938 2231 τοῦ
977 2186 1272 2248 τροχαϊκοῦ
1312 2184 1387 2250 τῷ
1418 2198 1476 2231 τε
1517 2179 1714 2251 ῥυθμῷ
1748 2178 1837 2230 καὶ
1880 2186 1944 2247 τῇ

259 2266 417 2328 τομῇ·
467 2259 527 2310 τὸ
569 2260 672 2329 γὰρ
713 2260 1005 2328 τροχαῖκὸν
1043 2261 1121 2322 εἰς
1159 2264 1539 2330 πενθημιμερῆ
1580 2259 1670 2312 καὶ
1710 2259 1945 2328 ἑφθημι-

381 2408 435 2446 10
469 2402 754 2462 συγγενείας]
789 2409 887 2457 221,
908 2409 975 2448 19.
1024 2404 1110 2461 frg.
1138 2405 1286 2461 Heph.
1316 2409 1384 2459 77,
1403 2409 1429 2448 5

380 2541 404 2578 2
437 2534 575 2588 πάξις
605 2554 632 2592 η
667 2537 724 2591 U;
757 2537 829 2579 tit.
864 2553 910 2580 π.
946 2537 975 2581 ἰ.
1008 2554 1044 2581 τ.
1079 2538 1122 2580 ἀ.
1157 2554 1199 2593 μ.
1234 2538 1339 2580 add.
1367 2537 1446 2582 K²
1476 2537 1526 2581 in
1557 2553 1649 2593 mg.
1674 2539 1688 2594 ΙΙ
1720 2541 1745 2580 8
1779 2536 1943 2591 ἐζήτεῖ-

260 2612 336 2638 ται
370 2597 427 2648 U;
461 2595 516 2638 cf.
545 2600 717 2650 243,11
773 2598 786 2651 Η
841 2600 954 2639 8-9
989 2597 1133 2646 ευθὺς
1162 2597 1264 2654 τοῦ]
1297 2596 1357 2652 μὴ
1391 2597 1484 2640 ἀπὸ
1521 2597 1564 2641 U
1609 2600 1623 2652 ΙΙ
1677 2601 1701 2639 9
1734 2602 1815 2639 τοῦ
1849 2596 1943 2639 ἀπὸ

259 2655 486 2710 Westph„
520 2654 613 2698 ἀπὸ
645 2661 726 2698 τοῦ
760 2655 891 2698 codd.
933 2657 946 2711 ΙΙ
987 2660 1099 2698 10—
1106 2661 1157 2698 11
1192 2655 1448 2714 παρέλαβες
1480 2657 1534 2699 Κ
1566 2658 1580 2711 ΙΙ
1619 2660 1788 2698 11-12
1822 2652 1943 2710 γίνε-

260 2730 336 2756 ται
369 2715 459 2769 (12)
493 2715 601 2757 ante
634 2713 823 2757 ἰωνικὸν
855 2728 959 2769 pon.
990 2716 1033 2759 U
1064 2717 1078 2771 Η
1116 2719 1170 2758 14
1201 2715 1251 2758 τὸ
1286 2729 1373 2758 om.
1403 2715 1446 2759 U
1481 2716 1486 2770 Ι
1530 2715 1652 2757 αὐτῶ
1688 2715 1737 2784 U,
1771 2714 1852 2756 sed
1885 2714 1941 2757 cf

262 2776 361 2825 230,
381 2778 418 2814 5.
454 2777 552 2826 243,
572 2776 627 2815 24
652 2774 665 2828 ΙΙ
692 2777 744 2814 15
780 2772 827 2815 ἐκ
859 2780 940 2816 τοῦ
973 2773 1182 2829 Westph.
1209 2775 1222 2829 ΙΙ
1250 2778 1302 2816 17
1336 2771 1439 2831 οὖν]
1473 2770 1519 2816 δ’
1541 2774 1623 2830 K}
1650 2771 1733 2823 τὰς
1765 2772 1908 2827 scrips
1889 2773 1942 2826 i,

260 2831 340 2874 καὶ
373 2831 503 2873 codd.
552 2833 566 2887 ΙΙ
615 2836 666 2873 19
700 2830 782 2881 τὰς
821 2831 1040 2889 ἰαμβικὰς
1070 2832 1311 2885 Hoersch.,
1353 2832 1409 2876 τὰ
1442 2831 1634 2889 ἰαμβικὰ
1667 2832 1735 2885 Κ,
1776 2831 1854 2874 καὶ
1885 2848 1943 2874 τα

262 2889 453 2947 ἰαμβικὰ
489 2891 532 2934 U
567 2892 573 2945 Ι
615 2890 694 2933 καὶ
726 2904 813 2933 om.
843 2891 886 2934 U
910 2892 923 2946 ΙΙ
956 2895 1008 2934 21
1043 2908 1099 2934 τα
1132 2891 1278 2946 δέρμα
1313 2892 1356 2936 U
1379 2893 1394 2948 ΙΙ
1426 2895 1480 2933 23
1514 2891 1649 2948 τομῇ]
1683 2907 1816 2946 φωνη
1850 2890 1903 2932 K
1928 2890 1944 2948 1

263 2953 316 2990 23
352 2948 400 2991 τὸ
420 2974 475 2979 -
495 2952 594 3002 243,
616 2954 636 2990 1
671 2950 831 2992 ποδῶν
864 2948 951 2992 del.
975 2949 1187 3005 Westph.
