2060 3168
382 131 548 174 XVIII.
574 131 681 172 XIX
713 132 857 172 ΠΕΡΙ
887 131 1199 174 ΔΙΑΦΟΡῼΝ
1231 131 1357 174 ΤΟΥ
1388 131 1664 173 ΗΡΩΙΚΟΤ
1765 129 1872 181 293

959 352 1101 406 ΧΙΧ.

512 470 677 540 Περὶ
718 473 1058 541 διαφορῶν
1094 479 1210 526 τοῦ
1249 473 1550 541 ἡρωϊκοῦ.

296 604 581 675 Διαφοραὶ
645 607 707 659 δὲ
767 616 879 659 τῶν
939 607 1193 676 ἡρωϊκῶν
1254 608 1454 676 στίχων
1515 605 1656 658 εἰσὶν
1718 602 1871 657 ἑπτά·

182 689 559 755 κατενόπλιον,
599 689 937 755 περιοδικόν,
968 689 1320 757 βουκολικόν,
1354 687 1671 755 Σαπφικόν,
1702 685 1873 752 ὑπόρ-

182 773 425 836 ρυθμον,
465 768 678 822 τέλειον
716 767 806 822 καὶ
846 771 1143 822 πολιτικόν.
1919 786 1939 819 5

299 849 343 901 1.
394 852 849 903 Κατενόπλιον
895 847 997 917 μὲν
1044 846 1148 904 οὖν
1195 849 1310 903 ἐστι
1359 851 1417 902 τὸ
1466 851 1595 918 ἕχον
1634 849 1736 901 δύο
1778 849 1872 902 δα-

181 931 416 993 κτύλους
455 932 546 984 καὶ
586 931 683 984 ἕνα
722 933 1035 999 σπονδεῖον,
1076 924 1199 984 οἷον
1238 930 1315 1003 (A
1339 929 1470 1002 357)

332 1013 405 1074 ὥς
438 1032 580 1080 φατο
614 1012 949 1082 δακρυχέων,
981 1021 1080 1066 τοῦ
1115 1011 1166 1066 δ’
1196 1011 1355 1066 ἔκλυε
1386 1014 1584 1066 πότνια
1614 1014 1805 1081 μήτηρ.

295 1094 342 1146 2.
386 1095 790 1163 Περιοδικὸν
829 1093 896 1147 δέ
930 1093 1043 1148 ἐστι
1078 1095 1139 1148 τὸ
1172 1096 1299 1164 ἔχον
1338 1094 1435 1147 ἕνα
1475 1094 1751 1146 δάκτυλον
1782 1093 1872 1146 καὶ

182 1174 279 1228 ἕνα
319 1177 633 1244 σπονδεῖον,
673 1170 797 1229 οἷον
836 1173 913 1247 (A
937 1174 994 1247 2)
1898 1194 1939 1226 ιο

333 1256 658 1325 οὐλομένην,
698 1257 731 1325 ἣ
770 1256 932 1327 μυρί’
970 1257 1200 1326 Ἀχαιοῖς
1239 1256 1398 1326 ἄλγε’
1435 1255 1652 1326 ἔθηκεν.

293 1339 341 1390 3.
398 1339 808 1391 Βουκολικὸν
856 1337 920 1391 δέ
954 1337 1140 1407 <εἶστι>
1179 1340 1240 1392 τὸ
1279 1339 1470 1408 ’Ῠμετὰ
1508 1346 1654 1408 τρεῖς
1699 1338 1872 1399 πόδας

182 1419 478 1489 ἀπαρτίζον
518 1421 594 1482 εἰς
632 1419 794 1487 μέρος
835 1422 1023 1488 λόγου,
1063 1412 1185 1474 οἷον
1225 1419 1305 1491 (K
1325 1418 1458 1490 475)

331 1499 385 1564 ἐξ
426 1500 815 1571 ἐπιδιφριάδος
852 1503 1100 1570 πυμάτης
1141 1503 1293 1569 ἱμᾶσι
1334 1501 1572 1554 δέδεντο.

293 1582 341 1634 4.
399 1583 748 1650 Σαπφικὸν
803 1581 869 1635 δέ
918 1581 1033 1635 ἐστι
1078 1584 1140 1636 τὸ
1195 1582 1502 1652 ἀρχόμενον
1547 1581 1653 1634 ἀπὸ
1705 1595 1869 1634 σπον-
1897 1601 1938 1634 15

182 1664 335 1716 δείου
375 1662 465 1716 καὶ
506 1667 679 1732 λῆγον
719 1666 796 1726 είς
835 1665 1151 1731 σπονδεῖον,
1192 1656 1314 1717 οἷον
1353 1661 1421 1734 (B
1452 1662 1507 1735 1)

331 1746 488 1798 ἄλλοι
527 1744 629 1814 μέν
670 1745 738 1813 ῥα
775 1747 904 1798 θεοί
940 1765 996 1798 τε
1036 1745 1125 1798 καὶ
1167 1745 1356 1815 ἀνέρες
1390 1745 1804 1813 ἱπποκορυσταί.

294 1825 340 1879 5.
396 1825 854 1896 ’Τπόρρυθμον
902 1826 966 1879 δέ
1009 1826 1124 1879 ἐστι
1171 1828 1231 1879 τὸ
1282 1825 1412 1879 καθ’
1450 1825 1682 1879 ἕκαστον
1727 1826 1871 1878 πόδα

181 1906 474 1977 ἀπαρτίζον
514 1909 590 1970 εἰς
629 1907 793 1977 μέρος
833 1909 1020 1975 λόγου,
1061 1900 1184 1961 οἷον
1223 1906 1301 1978 (A
1326 1906 1458 1979 214)

328 1988 521 2058 ὕβριος
560 1989 740 2042 εἵνεκα
779 1991 959 2058 τῆσδε,
1000 1991 1070 2041 σὺ
1110 1989 1159 2042 δ’
1200 1995 1366 2059 ἴσχεο,
1405 1991 1599 2042 πείθεο
1641 1987 1689 2040 δ’
1721 1989 1867 2056 ἡμῖν.
1893 2010 1938 2040 20

292 2070 339 2122 6.
396 2069 663 2123 Τέλειον
710 2070 774 2123 δέ
817 2069 932 2124 ἐστι
978 2071 1038 2124 τὸ
1086 2069 1214 2140 ἔχον
1263 2072 1442 2125 πάντα
1488 2071 1553 2124 τὰ
1593 2068 1728 2140 μέρη
1769 2076 1868 2122 τοῦ

182 2152 368 2219 λόγου,
410 2143 531 2204 οἷον
571 2150 649 2222 (Χ
669 2149 763 2222 59)

328 2234 464 2302 πρὸς
504 2232 568 2285 δέ
602 2253 668 2300 με
707 2234 806 2286 τὸν
837 2234 1114 2302 δύστηνον
1146 2236 1224 2286 ἔτι
1256 2231 1547 2304 φρονέοντ’
1579 2231 1801 2302 ἐλέαιρε.

299 2427 353 2465 22
388 2422 529 2466 schol.
562 2423 610 2465 in
642 2422 777 2468 Dion.
803 2422 911 2467 Thr.
938 2427 1008 2478 58,
1029 2428 1215 2468 13—19.
1250 2428 1351 2479 354,
1372 2428 1559 2468 18—21.
1594 2428 1694 2477 357,
1714 2427 1769 2466 29

299 2588 324 2628 6
359 2585 443 2629 δύο
478 2585 583 2643 ἔχον
615 2586 642 2627 k
687 2587 701 2641 ΙΙ
748 2589 773 2628 8
806 2583 973 2643 μήτηρ]
1006 2584 1094 2642 ἤρη
1126 2587 1154 2629 k
1204 2588 1217 2642 ΙΙ
1268 2591 1320 2629 12
1355 2587 1449 2631 ἐστι
1482 2586 1588 2630 add.
1621 2585 1866 2638 Hoersch.;

178 2644 356 2687 rectam
380 2644 517 2686 huius
544 2644 728 2700 generis
749 2644 1110 2701 explicationem
1126 2645 1232 2689 vide
1256 2661 1300 2701 p.
1317 2650 1482 2699 351‚21
1502 2645 1578 2701 (cf.
1593 2645 1866 2688 Hoerschel-

179 2715 320 2746 mann
359 2703 409 2745 in
442 2703 607 2746 Philol.
641 2703 729 2746 NF
762 2704 829 2746 11
852 2706 969 2760 sqq.)
1022 2706 1037 2760 ΙΙ
1093 2709 1147 2748 14
1186 2704 1416 2760 πυμάτοις
1446 2705 1496 2758 k,
1539 2701 1754 2760 πύμασθ’
1787 2719 1821 2759 p
1854 2706 1861 2762 Ι

182 2766 235 2804 15
267 2775 413 2818 genus
445 2766 472 2804 4
505 2764 614 2805 ante
646 2766 671 2804 3
707 2762 865 2818 posuit
894 2765 1019 2807 recte
1052 2776 1160 2819 app.
1193 2764 1261 2807 rh.
1290 2766 1295 2819 Ι
1324 2763 1376 2808 δὲ
1407 2765 1459 2817 Ζ,
1492 2777 1580 2807 om.
1612 2765 1687 2818 ΥΙΙ
1715 2768 1766 2806 19
1801 2762 1868 2815 εἰς

179 2833 266 2864 om.
297 2835 330 2876 p
375 2823 389 2877 ΙΙ
435 2826 491 2863 20
524 2820 699 2878 ὕβρεως
728 2822 756 2864 k
805 2822 811 2879 Ι
856 2819 1023 2866 πείθεο
1057 2837 1144 2867 om.
1179 2825 1226 2866 et
1258 2825 1366 2866 ante
1400 2823 1455 2866 σὺ
1488 2823 1594 2866 hab.
1629 2821 1764 2879 φίλος
1793 2823 1821 2866 lc
1851 2823 1866 2881 Η

179 2883 232 2922 21
267 2878 401 2937 μέρη]
433 2878 575 2936 μέτρα
605 2881 750 2936 1171123
785 2879 970 2937 ἐλέησον
1001 2881 1132 2926 Hom.
