2090 3158
205 1039 247 1071 10

204 1445 244 1477 15

202 2258 243 2289 25

278 154 303 203 1
313 151 384 204 90
730 154 1038 195 ΓΕΩΡΓΙΟΤ
1070 154 1510 196 ΧΟΙΡΟΒΟΣΚΟΤ

385 290 581 350 Καλῶς
621 290 782 340 τοῦτό
822 302 1011 356 φησιν,
1051 288 1134 341 ὅτι
1168 287 1306 358 ῥᾷον
1338 290 1564 356 γίνεται,
1596 288 1757 357 ἡνίκα
1789 287 1960 358 άπαρ-
1992 298 2046 338 41

274 372 386 437 τίζῃ
429 370 507 430 εἰς
552 368 716 437 μέρος
762 370 930 435 λόγου
970 369 1224 438 καθαρὸν
1263 369 1295 436 ἡ
1336 369 1527 437 μακρά.
1605 371 1816 436 γίνεται
1855 371 1963 438 γὰρ
1992 380 2090 436 (104

272 448 362 502 καὶ
411 449 472 502 έν
517 450 662 522 μέσῳ
710 449 901 512 λέξεως
946 448 1037 502 καὶ
1079 449 1139 502 ἐν
1179 450 1316 519 ἀρχῇ
1366 448 1556 513 λέξεως
1593 453 1776 519 κοινή,
1833 450 1961 503 ἀλλ’

274 532 375 599 οὐχ
426 531 599 594 οὕτως
647 531 824 601 “ρᾷον’
871 532 960 584 καὶ
1009 531 1238 599 εὐχερές.
1314 530 1404 583 καὶ
1453 530 1608 599 φέρει
1657 531 1717 584 έν
1764 532 1959 600 διαφό-

274 632 390 679 ροις
430 612 648 680 μέτροις
686 614 752 665 τὰ
789 614 1213 679 παραδείγματα.

388 694 530 762 Φησὶ
576 697 793 761 τοίνυν,
843 693 926 746 ὅτι
975 692 1002 745 ὁ
1051 694 1330 762 Αἰσχύλος
1376 693 1631 763 κέχρηται
1680 693 1739 746 ἐν
1779 696 1959 764 Νιόβῃ

273 775 504 842 δράματι
552 777 630 836 εἰς
678 777 932 841 ἰαμβικὸν
994 773 1196 842 μέτρον
1249 782 1312 844 τῇ
1360 777 1417 827 ἆ
1476 773 1537 827 ἐν
1584 774 1720 845 ἀρχῇ
1770 773 1961 838 λέξεως

273 856 408 925 οὔσῃ
449 864 606 926 κοινῇ
649 857 838 920 οὕτως,
878 853 1020 908 ἔνθα
1061 856 1233 924 φησὶν

402 935 618 1006 Ἴστρος
658 938 913 999 τοιαύτας
951 936 1270 1004 παρθένους
1306 938 1604 1006 λοχεύεται,

273 1015 628 1087 ([συνέστειλε
675 1021 778 1087 γὰρ
827 1021 927 1086 τὴν
973 1022 1062 1072 &Ui
1113 1020 1395 1088 συλλαβὴν
1435 1017 1494 1071 ἐν
1535 1018 1764 1089 δευτέρᾳ
1804 1019 1960 1087 βάσει

273 1099 487 1166 ἰάμβου.
568 1101 751 1153 ἰστέον
791 1098 849 1153 δὲ
891 1101 974 1153 ὅτι
1016 1101 1116 1169 οὐχ
1157 1100 1330 1163 οὕτως
1371 1103 1478 1170 ἔχει
1518 1101 1728 1169 πᾶσαὴ
1769 1109 1960 1171 χρῆσις

268 1182 404 1233 κατὰ
444 1182 503 1234 τὸ
545 1183 713 1250 τέλος,
753 1182 891 1235 ἀλλὰ

403 1260 619 1333 Ἴστρος
657 1264 912 1326 τοιαύτας
952 1262 1270 1332 παρθένους
1309 1262 1580 1333 ἐξεύχεται

418 1343 643 1413 τρέφειν
684 1345 712 1397 ὅ
752 1343 822 1397 θ’
861 1344 1028 1413 ἁγνὸς
1072 1343 1304 1416 Φᾶσιςᾋ)

272 1426 381 1477 Καὶ
422 1427 688 1494 Σωτάδης
729 1426 787 1479 έν
823 1425 1074 1479 Ἀδώνιδι
1114 1426 1286 1495 φησὶν

418 1510 542 1560 τίνα
580 1517 691 1560 τῶν
729 1511 979 1560 παλαιῶν
1020 1509 1279 1577 ἱστοριῶν
1318 1507 1497 1561 θέλετ’
1538 1509 1848 1562 ἐπακοῦσαι.

268 1591 489 1658 [τοῦτον
536 1586 596 1641 δὲ
643 1590 743 1642 τὸν
782 1591 1053 1657 Σωτάδην
1101 1589 1283 1642 ἀνεῖλε
1323 1594 1666 1656 Πτολεμαῖος
1715 1590 1742 1644 ὁ
1789 1592 1957 1643 Φιλά-

270 1670 472 1738 δελφος
511 1669 793 1739 ἐλεγχθεὶς
830 1670 921 1723 καὶ
963 1672 1252 1740 ὑβρισθεὶς
1291 1669 1344 1734 ἐξ
1386 1672 1584 1738 αὐτοῦ,
1637 1672 1719 1724 ὄτι
1761 1687 1956 1740 συγγε-

269 1751 489 1819 γένηται
537 1760 600 1822 τῇ
649 1754 821 1822 οἰκείᾳ
868 1752 1080 1822 ἀδελφῇ
1121 1752 1149 1804 ὁ
1192 1756 1545 1819 Πτολεμαῖος.
1549 1793 1566 1823 J
1603 1784 1675 1790 -
1702 1752 1855 1805 ’Έστι
1896 1754 1956 1806 δὲ

203 1853 221 1883 2
269 1833 328 1884 τὸ
369 1832 569 1901 μέτρον
611 1835 834 1886 ἰωνικὸν
875 1833 979 1887 ἀπὸ
1020 1836 1277 1901 μείζονος.
1355 1836 1566 1902 γίνεται
1599 1834 1659 1886 δὲ
1691 1835 1751 1887 τὸ
1783 1840 1955 1887 καθα-

270 1914 368 1981 ρὸν
425 1915 650 1967 ἰωνικὸν
705 1915 810 1967 ἀπὸ
858 1918 1104 1981 μείζονος
1161 1915 1264 1967 ἀπὸ
1322 1917 1619 1968 σπονδειόυ
1674 1916 1763 1968 καὶ
1817 1935 1955 1983 πυρ-

270 1998 450 2063 ριχιόυ
502 1995 601 2057 ἕως
655 1994 769 2058 ἔξω.
855 1994 968 2049 ἔστι
1026 1999 1058 2049 δ
1072 1996 1085 2016 ’
1132 1998 1221 2050 ὅτε
1267 1996 1298 2064 ἡ
1347 1996 1604 2065 <πρώτη>
1650 1998 1827 2064 μακρὰ
1878 1999 1955 2059 εἰς

269 2076 370 2127 δύο
411 2078 667 2144 βραχείας
703 2078 1000 2146 διαλύεται,
1043 2078 1178 2147 [ἔστι
1212 2076 1272 2130 δ’
1303 2079 1390 2130 ὅτε
1429 2079 1529 2145 τὴν
1568 2076 1792 2147 πρώτην
1825 2083 1954 2131 συλ-

269 2158 443 2224 λαβὴν
483 2157 681 2226 μόνην]
723 2159 857 2210 ὥστε
897 2161 957 2211 τὸ
1000 2167 1175 2228 σχῆμα
1223 2158 1484 2226 γενέσθαι
1524 2166 1801 2212 τοιοῦτον·
1847 2160 1953 2212 άπὸ

269 2239 370 2290 δύο
411 2241 684 2307 βραχειῶν
722 2240 811 2291 καὶ
851 2249 1076 2307 μακρᾶς,
1117 2237 1232 2293 εἶτα
1265 2240 1370 2292 άπὸ
1412 2241 1515 2292 δύο
1551 2242 1822 2309 βραχειῶν
1854 2242 1953 2309 τὴν

269 2318 533 2388 δευτέραν
579 2321 744 2388 βάσιν
789 2322 879 2373 καὶ
928 2322 1122 2373 λοιπὸν
1172 2320 1375 2389 ἑφεξῆς.
1461 2319 1550 2373 καὶ
1599 2324 1841 2374 καλεῖται
1888 2323 1952 2373 τὰ

389 2493 409 2529 1
446 2486 595 2531 ἰστέον
628 2487 678 2530 δὲ
713 2484 779 2530 ὅτι
813 2490 960 2537 καλῶς
992 2486 1106 2544 φησί
1131 2489 1215 2545 ΚΗ
1238 2494 1262 2531 3
1297 2489 1346 2532 ἐν
1372 2488 1510 2546 μέσῳ]
1546 2489 1594 2532 ἐν
1620 2486 1765 2546 μέτρῳ
1791 2487 1873 2546 ΚΙ
1903 2489 1952 2532 ἐν

268 2546 407 2604 ἀρχῇ]
439 2546 557 2602 ἀρχὴ
593 2547 666 2602 ΠΗ
691 2552 717 2588 4
751 2545 877 2600 ράων
910 2548 989 2590 καὶ
1022 2547 1209 2603 εὐχερὴς
1243 2548 1286 2591 U
1303 2550 1317 2604 ΙΙ
1342 2553 1367 2591 5
1401 2547 1581 2604 μέτροις
1605 2561 1691 2590 om.
1722 2548 1795 2602 ΠΙΙ
1821 2552 1844 2589 6
1878 2546 1950 2590 κέ-

267 2621 431 2661 χρηται
454 2605 679 2663 Αἰσχύλος
696 2606 749 2648 Κ
768 2607 782 2661 ΙΙ
807 2609 832 2647 8
858 2605 1002 2656 οὕτως
1027 2620 1113 2649 om.
1130 2608 1183 2649 K
1203 2608 1216 2662 ΙΙ
1244 2612 1295 2649 15
1324 2607 1442 2651 ἔνθα
1469 2609 1576 2649 ante
1603 2606 1746 2660 φησὶν
1765 2605 1951 2662 add.Ujl

271 2668 396 2721 18s19
436 2663 762 2721 συγγεγένηται
794 2664 1034 2717 Hoerseh.,
1077 2665 1351 2721 συγγένηται
1386 2667 1435 2719 U,
1477 2663 1736 2720 συγγίνοιτο
1778 2664 1952 2707 schol.A

267 2738 310 2778 p.
332 2727 467 2775 99‚10
485 2726 497 2775 ἢ
516 2729 569 2766 22
598 2722 680 2774 ἕως
706 2723 787 2775 ἔξω
807 2724 870 2776 Κ,
896 2722 979 2773 ἕως
1005 2723 1087 2775 ἔξω
1113 2731 1246 2767 τοῦτο
1274 2722 1319 2767 δ’
1339 2725 1387 2768 ἐκ
1414 2724 1497 2768 δύο
1524 2725 1750 2781 βραχειῶν
1768 2726 1842 2765 καὶ
1864 2724 1950 2766 δύο

268 2789 454 2836 μακρῶν
482 2783 531 2834 U,
561 2783 640 2825 καὶ
666 2782 831 2837 ἐφεξῆς
854 2782 1072 2825 Hoersch.
1098 2784 1276 2838 [πρώτη
1303 2783 1475 2826 inserui
1499 2787 1512 2834 ΙΙ
1538 2787 1592 2824 23
1620 2783 1844 2826 ἔστι-24
1869 2780 1949 2838 μό-

267 2858 354 2895 νην
387 2840 557 2893 delevi3
597 2843 705 2896 post
743 2840 889 2896 μόνην
923 2842 1027 2884 add.
1064 2841 1193 2884 Stud.
1229 2842 1318 2899 ἔχει
1351 2840 1680 2897 διαλελυμένην
1738 2843 1743 2897 Ι
1801 2839 1950 2896 μόνην

268 2900 495 2957 συλλαβὴν
531 2901 572 2943 U
590 2903 604 2955 Η
629 2905 683 2943 24
717 2898 933 2957 γίνεσθαι
966 2901 1019 2943 K
1039 2903 1052 2956 ΙΙ
1077 2905 1130 2943 26
1164 2901 1327 2944 λοιπὸν
1361 2915 1445 2944 om.
1474 2901 1527 2943 K
1550 2902 1556 2956 Ι
1583 2900 1639 2942 τὰ
1672 2914 1758 2943 om.
1795 2901 1838 2943 U

2036 0 2090 118 z
