2090 3158
506 187 569 228 1v
587 199 672 229 1-2
705 189 850 230 ΠΕΡΙ
881 187 1260 230 ΑΠΟΘΕΣΕῼΣ
1291 187 1538 228 ΜΕΤΡΩΝ
1767 169 1873 237 113

290 321 772 391 ὑπερκατάληκτον
827 324 905 385 εἰς
960 322 1301 390 δισύλλαβον
1356 322 1561 389 ᾞῆγουν
1615 322 1751 390 πρὸς
1806 327 1879 392 τῷ

180 404 367 474 τελείῳ
407 403 496 455 καὶ
537 401 703 472 μέρος
743 404 1108 470 δισύλλαβον]
1150 403 1222 466 ὡς
1261 404 1320 456 τὸ

328 488 329 491 ’
534 485 753 552 μῶσάγε
794 486 1080 537 Καλλιόπα
1117 486 1210 537 θύ.

290 565 774 635 ὑπερκατάληκτον
814 567 891 628 εἰς
936 567 1221 634 συλλαβὴν
1260 567 1465 634 [ἤγουν
1503 566 1642 635 πρὸς
1680 571 1754 637 τῷ
1788 585 1871 617 τε-

177 650 306 718 λείῳ
347 645 437 699 καὶ
475 645 641 714 μέρος
678 643 840 715 ἔλαβε
879 648 1050 709 ποδὸς
1089 648 1538 716 μονοσύλλαβονᾞ
1579 647 1650 710 ὡς
1689 648 1750 699 τὸ
1919 666 1940 698 5

535 729 754 797 μῶσάγε
796 730 1097 781 Καλλιόπα.

290 812 814 878 βραχυκατάληκτον
855 806 970 877 [δὲ]
1012 810 1086 872 ὡς
1125 811 1185 863 τὸ

533 892 751 960 μῶσάγε
792 893 1078 944 Καλλιόπα
1116 892 1282 959 θύγα.

177 975 378 1039 {rafim
427 973 529 1042 μὲν
579 973 753 1035 οὕτως
804 972 864 1025 ἐν
910 979 984 1045 τῷ
1034 974 1343 1045 δακτυλικῷ
1391 991 1449 1025 τε
1499 970 1589 1024 καὶ
1642 971 1871 1024 ἀναπαι-

174 1062 343 1127 στικῷ
392 1053 569 1126 μέτρῳ
619 1054 969 1124 εὑρίσκεται]
1040 1053 1102 1107 ἐν
1153 1051 1213 1106 δὲ
1259 1063 1375 1115 τοῖς
1422 1055 1608 1115 ἄλλοις
1654 1051 1872 1122 μέτροις
1898 1073 1943 1104 10

175 1136 468 1203 αὐτάρκεις
516 1137 570 1188 αἱ
618 1135 877 1205 τέσσαρες
923 1137 1068 1204 πλὴν
1105 1143 1200 1203 τῆς
1239 1139 1634 1204 καταληπτικῆς
1674 1136 1751 1196 εἰς
1792 1135 1871 1187 δι-

175 1218 458 1286 σύλλαβον
496 1219 586 1270 καὶ
626 1218 1108 1286 ὑπερκαταλήκτου
1150 1219 1227 1279 εἰς
1259 1218 1614 1286 δισύλλαβον.
1682 1217 1870 1269 δισυλ-

177 1300 363 1367 λάβων
402 1300 506 1368 γὰρ
548 1301 727 1353 ὄντων
766 1308 877 1351 τῶν
908 1299 1100 1351 ποδῶν
1130 1301 1191 1351 τὸ
1231 1298 1334 1367 μὲν
1363 1298 1762 1367 καταληκτικὸν
1795 1300 1871 1360 εἰς

175 1381 517 1448 δισύλλαβον
564 1381 939 1449 ἀκατάληκτόν
985 1379 1124 1446 ἐστι,
1171 1381 1232 1432 τὸ
1282 1379 1343 1432 δὲ
1379 1379 1871 1448 Ιὑπερκατάληκτον

174 1465 255 1526 εἰς
295 1465 635 1531 δισύλλαβον
673 1462 1212 1532 βραχυκατάληκτονε
1254 1493 1323 1497 -
1349 1461 1452 1513 ΑΙ
1896 1479 1937 1512 15

288 1546 349 1597 τὸ
391 1545 524 1597 αὐτό
559 1544 710 1597 ἐστιν
742 1543 1008 1606 ἀπόθεσις
1039 1541 1129 1595 καὶ
1161 1543 1471 1611 κατάληξις
1511 1541 1870 1610 (κατάληξις)

174 1625 267 1679 καὶ
320 1628 544 1694 γενικόν
591 1625 742 1678 ἐστιν
783 1625 903 1677 ἀντὶ
943 1632 1043 1677 τοῦ
1083 1623 1353 1685 ἀπόθεσις
1391 1622 1482 1676 καὶ
1525 1624 1708 1676 ἰδικὸν
1747 1622 1869 1675 ἀντὶ

173 1715 276 1761 τοῦ
318 1707 631 1769 ἐλάττωσις·
673 1706 777 1759 ἀπὸ
818 1707 1019 1759 τούτου
1061 1702 1165 1759 οὖν
1203 1713 1303 1758 τοῦ
1342 1706 1524 1758 ι’δικοῦ
1558 1705 1868 1773 ὠνόμασται

176 1790 236 1842 τὸ
284 1789 658 1857 ἀκατάληκτον
705 1787 796 1840 καὶ
843 1789 1261 1855 καταληκτικόν·
1313 1787 1373 1839 τὸ
1423 1787 1526 1855 γὰρ
1567 1786 1869 1855 ὑπερκατά-

173 1874 378 1938 ληκτον
418 1871 648 1923 δύναται
689 1869 794 1922 ἀπὸ
836 1877 935 1922 τοῦ
977 1877 1223 1937 γενικοῦε
1270 1898 1331 1905 -
1361 1866 1517 1920 AG]
1895 1887 1937 1919 20

290 1952 373 2020 13,
398 1949 526 2022 8(?)
567 1955 742 2004 λείπει
782 1951 885 2020 γὰρ
925 1954 1128 2003 κῶλονε
1171 1982 1239 1987 -
1268 1949 1336 2002 A‘

292 2034 374 2101 13,
403 2033 471 2085 10
523 2033 620 2086 ἐὰν
669 2027 702 2103 ᾖ
755 2033 1089 2101 δισύλλαβος
1139 2031 1167 2084 ὁ
1223 2033 1364 2094 ποὺς
1418 2028 1509 2083 καὶ
1561 2029 1719 2101 ἐνδέῃ
1772 2037 1869 2101 μιᾷ

171 2116 440 2184 συλλαβῇ,
479 2114 692 2182 λέγεται
734 2110 874 2166 εἶναι
903 2114 1312 2181 1καταληπτικὸν
1353 2115 1430 2175 εἰς
1474 2114 1777 2181 συλλαβήν·
1822 2113 1867 2164 εἰ

173 2193 235 2249 δὲ
275 2197 641 2266 τρισύλλαβος
671 2195 903 2265 ὑπάρχει
937 2195 965 2248 ὁ
998 2197 1138 2257 ποὺς
1169 2193 1259 2247 καὶ
1291 2194 1439 2247 ἐνδεῖ
1470 2199 1567 2263 μιᾷ
1601 2195 1864 2263 συλλαβῇ,

173 2276 384 2346 λέγεται
427 2272 567 2329 εἶναι
608 2277 1002 2345 καταληκτικὸν
1043 2277 1120 2339 εἰς
1152 2277 1254 2329 δύο
1289 2276 1586 2342 συλλαβάςε
1620 2305 1688 2312 -
1714 2274 1872 2328 AC]
1892 2295 1934 2326 25

174 2502 232 2541 63
274 2442 467 2540 2126—20
502 2437 659 2482 Choer.
688 2441 759 2492 63,
777 2442 919 2480 8-12
953 2436 1071 2480 false
1110 2436 1446 2492 interpretatus
1480 2437 1551 2479 est
1574 2437 1588 2492 ΙΙ
1614 2440 1668 2477 22
1703 2434 1862 2478 Choer.

295 2635 320 2674 5
352 2630 499 2682 ποδὸς
530 2630 780 2674 delendum
813 2629 997 2672 videtur
1029 2630 1045 2685 ΙΙ
1077 2633 1191 2672 7-8
1223 2629 1339 2673 haec
1370 2627 1511 2672 verba
1542 2627 1649 2682 post
1684 2630 1780 2678 112,
1809 2630 1864 2668 26

171 2689 278 2733 coll.
312 2690 524 2746 Westph.
578 2692 592 2746 ΙΙ
649 2694 702 2732 15
746 2691 898 2732 totum
942 2688 1084 2732 schol.
1124 2689 1369 2744 praeterea
1412 2688 1483 2730 est
1524 2685 1574 2728 in
1613 2685 1726 2742 ΡΩ,
1773 2698 1865 2727 non

171 2750 223 2792 in
258 2750 296 2794 C
335 2752 351 2806 ss
398 2754 451 2791 16
485 2748 730 2805 κατάληξις
762 2747 926 2791 addidi
948 2749 963 2804 ΙΙ
988 2753 1042 2790 21
1076 2748 1125 2790 in
1156 2749 1199 2791 A
1230 2761 1324 2790 non
1357 2746 1447 2788 nisi
1479 2758 1633 2800 pauca
1663 2743 1866 2802 vesbigia

172 2808 499 2865 dispiciuntur,
542 2808 623 2852 sed
655 2807 864 2851 scholion
897 2809 969 2850 est
999 2807 1050 2849 in
1082 2807 1174 2864 ΡΩ
1196 2809 1210 2862 ΙΙ
1235 2811 1290 2848 22
1325 2801 1353 2864 ᾗ
1384 2807 1425 2858 Ι,
1460 2804 1552 2848 ἔστι
1584 2805 1642 2857 A,
1676 2817 1764 2847 om.
1795 2803 1859 2858 G!

172 2869 280 2923 post
314 2868 434 2919 ποὺς
475 2868 581 2910 add.
615 2869 650 2911 I
688 2865 798 2922 ὅπερ
838 2867 917 2909 καὶ
957 2865 1147 2910 ἄνωθεν
1187 2866 1362 2922 ἔφημεν
1406 2864 1410 2922 ξ
1459 2861 1606 2908 ἐνδέει
1641 2862 1696 2917 C,
1741 2862 1869 2907 ἐνδεῖ

174 2927 295 2983 ΑΙΙΙ
320 2931 374 2969 23
407 2926 741 2983 καταληπτικὸς
772 2927 812 2980 Ι,
845 2925 970 2969 idem
1003 2930 1058 2968 25

265 3010 526 3041 anflus'no
552 3009 610 3042 ed.
628 3008 654 3041 C
666 3010 780 3041 onsb
791 3009 917 3040 ruch.
1569 3000 1594 3038 8
