2090 3158
214 147 317 199 168
909 148 1142 189 ΣΧοΛΙΑ
1171 148 1211 188 A

211 283 312 335 οὐκ
352 280 588 350 ἔχοντος,
630 280 757 334 ἀλλ’
797 280 1116 351 ἀδιαφόρως
1156 279 1471 349 δυναμένου
1505 281 1738 350 ἁρμόσαι
1779 282 1903 350 δίχα

214 362 463 432 ἐλέγχων.
2083 396 2090 471 Ι

325 444 470 513 65,4
527 445 653 496 οὔτε
710 441 769 496 δὲ
821 443 1111 512 ὁμοιότητα
1159 440 1269 511 ἔχει
1323 444 1460 511 πρὸς
1507 443 1713 512 ἄλληλα
1768 445 1904 497 ὥστε
2086 473 2090 501 1

213 527 438 595 στιχήρη
479 524 761 593 γενέσθαι,
802 526 928 577 οὔτε
968 524 1341 592 ἄνακύκλησιν
1373 524 1511 577 ὥστε
1550 526 1686 578 κατὰ
1715 524 1906 594 σχέσιν
2084 543 2090 567 ι

169 628 187 659 5
214 607 491 675 γενέσθαι,
534 607 670 659 ἀλλὰ
711 606 1024 673 ἀδιάφορον
1055 606 1156 674 τὴν
1187 615 1298 658 τῶν
1336 605 1550 672 μέτρων
1590 605 1905 674 ἐξαλλαγήν.
2082 569 2090 673 1

214 691 339 742 οὔτε
387 690 448 742 δὲ
496 688 585 757 [τὰ
632 686 1064 756 ἀπολελυμένα],
1114 689 1310 755 φησίν,
1358 687 1733 755 ἀνακύκλησιν
1779 685 1906 756 ἔχει,
2084 678 2090 752 ᾗ

215 769 342 822 ἀλλ’
382 771 625 822 αὐτόθεν
666 768 815 821 ἐστὶν
855 769 1288 837 ὁμολογούμενα,
1329 762 1450 821 οἷον
1489 770 1549 821 τὸ
1585 769 1906 835 Σιμωνίδου
2085 771 2090 840 Ι

215 851 525 920 ἐπίγραμμα
550 849 815 917 Ἴσθμια
849 851 973 918 δίς,
1012 853 1076 902 N
1079 849 1229 920 εμέᾳ
1262 851 1374 912 δίς.
1439 851 1770 902 δακτυλικὸν
1803 851 1905 919 γὰρ
2086 897 2090 919 ¹

217 932 511 1001 ἑξαμετρον
557 952 645 984 και
695 930 938 999 ἐλεγεῖον
984 951 1074 984 και
1115 931 1332 998 ίαμβος,
1378 932 1503 984 οὔτε
1543 932 1678 983 κατὰ
1718 934 1907 1000 στίχον
1940 939 2024 978 218
2086 930 2090 1006 *3

150 1034 190 1066 10
215 1035 302 1067 και
345 1015 507 1082 ὅμοια
547 1012 820 1081 ἀλλήλοις,
862 1014 987 1066 οὔτε
1027 1014 1162 1065 κατὰ
1197 1011 1384 1082 σχέσιν
1418 1013 1907 1079 ανταποδιδόμενα.
2088 1051 2090 1061 .

330 1095 524 1164 65,1Ο.
555 1095 618 1146 11
671 1095 737 1147 οὐ
772 1095 889 1194 γὰρ
937 1093 1246 1164 τεταγμένῳ
1296 1094 1516 1165 αριθμῳ
1569 1093 1736 1160 ε’πῶν]
1782 1092 1909 1146 ἀλλ’
1934 1093 2090 1157 [123]

216 1177 457 1239 ἀτακτως
498 1177 623 1230 ὅποι
663 1195 793 1229 ποτε
834 1177 893 1229 τὸ
935 1197 1171 1229 ατακτον
1212 1175 1433 1244 ἐποίησε
1471 1177 1743 1244 μετρικόν.

328 1258 413 1327 65,
443 1258 524 1310 10.
554 1259 618 1310 11
671 1258 737 1310 οὐ
793 1259 897 1327 γὰρ
952 1258 1258 1329 τεταγμένῳ
1315 1257 1560 1329 ἀριθμῷ]
1616 1258 1750 1324 μετὰ
1804 1258 1908 1325 γὰρ

218 1339 348 1393 δέκα
405 1342 626 1408 στίχους
678 1339 926 1408 ἐπιφέρει
976 1342 1175 1407 ἴαμβον
1222 1339 1311 1391 καὶ
1357 1339 1525 1391 πάλιν
1570 1340 1703 1406 μετὰ
1748 1337 1909 1390 πέντε

151 1441 190 1472 15
216 1423 305 1474 καὶ
347 1422 501 1475 ὀκτώ.

330 1503 416 1571 65,
444 1504 510 1554 12
562 1500 613 1565 ἐξ
663 1502 870 1568 ὁμοίων
910 1501 974 1555 δέ
1019 1502 1154 1555 έστιε
1201 1503 1326 1571 περὶ
1364 1503 1578 1554 τούτων
1617 1502 1706 1554 καὶ
1746 1501 1806 1554 έν
1845 1509 1909 1570 τῇ

218 1587 439 1654 εἰσβολῇ
496 1583 893 1652 ἐπεσημήνατο·
948 1593 1060 1636 τῶν
1114 1585 1216 1652 γὰρ
1272 1583 1487 1653 μέτρων
1540 1585 1606 1635 τὰ
1653 1580 1755 1650 μὲν
1802 1583 1909 1635 ὑπὸ

218 1666 412 1732 ποδός,
468 1666 533 1716 τὰ
589 1661 648 1717 δὲ
704 1664 812 1717 ὑπὸ
863 1668 1147 1733 συζυγίας,
1204 1666 1276 1728 ὡς
1322 1666 1387 1718 τὰ
1436 1666 1659 1733 ἰαμβικὰ
1709 1666 1799 1717 καὶ
1846 1665 1911 1716 τὰ

220 1747 398 1815 ὅμοια,
439 1747 503 1798 τὰ
545 1743 603 1798 δὲ
644 1745 751 1799 ὑπὸ
791 1747 1056 1814 περιόδου
1091 1755 1521 1815 καταμετρεῐται·
1561 1747 1818 1814 περίοδος
1851 1745 1915 1798 δέ

153 1846 195 1878 20
221 1826 369 1880 ἐστιν
424 1827 455 1895 ἡ
513 1825 571 1879 ἐκ
619 1828 904 1896 διαφόρων
951 1829 1142 1880 ποδῶν
1190 1827 1249 1880 έν
1297 1835 1369 1900 τῷ
1413 1830 1577 1900 στίχῳ
1627 1828 1910 1895 σύνθεσις,

220 1902 341 1961 οἷον
382 1909 658 1961 δακτύλου
706 1911 966 1978 τροχαίου
1015 1908 1355 1962 ἀναπαίστου
1403 1910 1603 1977 ἰάμβου
1643 1910 1731 1961 καὶ
1772 1914 1829 1961 εἴ
1859 1929 1910 1960 τι

219 1998 493 2057 τοιοῦτον,
535 1989 865 2043 ἀκολούθων
904 1989 1093 2057 μέντοι
1134 1992 1313 2043 ὄντων
1345 1991 1433 2043 καὶ
1470 2000 1580 2043 τῶν
1613 1989 1748 2058 ἑξῆς,
1790 1983 1913 2042 οἷον-

222 2071 310 2123 καὶ
351 2071 411 2122 τὸ
452 2073 829 2139 προσοδιακόν
869 2070 1033 2124 ἐστιν.

334 2151 419 2220 65,
441 2153 522 2204 12.
544 2153 611 2204 13
646 2153 677 2221 ἢ
709 2152 1024 2221 συζυγίαςῆ
1057 2154 1346 2223 περιόδου]
1379 2155 1636 2222 περίοδός
1668 2152 1782 2205 ἐστι
1813 2171 1911 2205 πο-

156 2251 195 2283 25
223 2235 346 2301 δικὴ
397 2232 457 2285 ἐν
503 2234 646 2300 τρισὶ
694 2235 822 2286 ποσὶ
871 2237 1293 2302 καταρίθμησις·
1346 2236 1526 2304 ὥσπερ
1566 2236 1669 2304 γὰρ
1711 2236 1770 2287 τὸ
1810 2231 1911 2301 μὲν

223 2315 554 2367 δακτυλικὸν
592 2315 698 2367 ὑπὸ
739 2317 908 2378 ποδὸς
946 2325 1242 2385 μετρεῖται,
1283 2318 1347 2369 τὰ
1388 2313 1447 2369 δὲ
1487 2317 1595 2369 ὑπὸ
1638 2319 1912 2383 συζυγίας,

223 2394 469 2448 τουτέστι
518 2396 619 2448 δύο
667 2397 857 2448 ποδῶν
897 2397 1110 2466 ἁπλῶν,
1159 2398 1302 2450 οὕτω
1351 2398 1440 2450 καὶ
1480 2397 1586 2450 ὑπὸ
1626 2398 1910 2466 περιόδου,

223 2475 472 2529 τουτέστι
512 2486 681 2544 τριῶν
721 2479 927 2545 ποδῶν,
969 2479 1040 2540 ὡς
1081 2478 1140 2531 ἐν
1181 2482 1424 2549 συζυγίᾳ.
1937 2481 2063 2539 [124]

336 2557 420 2626 65,
443 2558 508 2610 13
537 2567 946 2626 καταμετρεῐται
972 2561 1105 2612 ἄνευ
1132 2559 1377 2628 ἀριθμοῦ
1403 2561 1551 2621 τινὸς
1576 2558 1908 2628 ὡρισμένου]

158 2658 200 2688 30
226 2638 326 2689 οὐκ
360 2637 758 2707 ἐπιφερομένης
793 2642 942 2702 τινὸς
967 2640 1358 2709 ἀντιστρόφου,
1392 2639 1519 2692 ἀλλ’
1544 2641 1723 2709 ὥσπερ
1758 2640 1910 2692 ἀδια-

348 2782 367 2817 1
404 2776 516 2819 ἀλλὰ
550 2775 789 2832 διαφόρως
822 2776 947 2820 Caes.
995 2781 1008 2833 ΙΙ
1057 2783 1081 2821 6
1115 2778 1171 2822 τὰ
1204 2777 1522 2834 ἀπολελυμένα
1556 2778 1643 2821 del.
1673 2777 1816 2830 Caes.
1855 2777 1911 2820 τὰ

226 2832 402 2876 ἄτακτα
433 2835 577 2878 Pauw
616 2838 629 2891 Ι]
677 2840 701 2878 8
736 2834 874 2891 νέμεα
908 2837 1004 2879 HJ
1041 2839 1054 2892 ΙΙ
1095 2842 1119 2880 9
1155 2838 1352 2893 ἐλεγεῖον
1386 2837 1563 2894 scripsi,
1596 2837 1770 2892 ἐλεγεῖα
1802 2837 1912 2890 IM,

227 2890 400 2948 ἐλεγεια
435 2892 561 2937 Caes.
588 2897 601 2949 ΙΙ
630 2899 682 2937 10
715 2895 793 2938 καὶ
827 2895 914 2939 del.
942 2895 1202 2952 Pauw1124
1235 2895 1474 2953 περιόδου]
1510 2897 1615 2952 περὶ
1647 2896 1793 2947 ποδὸς
1817 2896 1916 2938 JM
