2090 3158
598 175 654 215 X.
705 175 848 214 ΠΕΡΙ
879 174 1398 216 ΑΝΤΙΣΠΑΣΤΙΚΟΤ.
1774 174 1845 226 33

154 308 254 376 τὴν
299 309 524 376 πρώτην
571 307 1000 377 ἀντισπαστικὴν
1045 306 1198 377 ἔχον,
1244 310 1341 371 τὰς
1395 306 1455 361 δὲ
1510 308 1631 377 ἑξῆς
1681 311 1848 372 ἄλλας

156 389 408 457 ἰαμβικὰς
450 389 786 442 Φαλαίκειον
824 394 1085 458 καλεῖται,
1126 384 1250 443 οἷον
1290 388 1523 461 (Kratin.
1557 389 1688 461 321)

421 468 562 539 χαῖρ’
610 467 652 522 ὦ
691 472 1036 540 χρυσόκερως
1075 471 1320 539 βαβάκτα
1357 474 1556 540 κη’λων,

422 552 565 619 Πάν,
608 552 959 621 Πελασγικὸν
985 551 1188 620 ’Ἁργος
1227 551 1563 619 ἐμβατεύων·

65 641 123 681 34
153 633 214 685 τὸ
255 629 315 685 δὲ
355 632 728 701 ἀκατάληπτον
766 636 827 687 τὸ
860 636 1037 702 μόνην
1068 635 1170 702 τὴν
1199 636 1520 686 τελευταίαν
1557 631 1687 703 ἔχον
1727 635 1846 701 ἰαμ-
1871 656 1890 688 5

21 717 119 777 [63]
153 715 315 783 βικὴν
353 718 594 767 καλεῖται
627 713 1096 784 Ἀσκληπιοὲδειον,
1137 709 1260 768 οἷον
1290 716 1351 767 τὸ
1386 713 1642 768 Ἀλκαίου
1684 714 1803 787 (33)

419 792 590 863 ἦλθες
628 795 687 849 ἐκ
725 796 977 866 περάτων
1016 805 1131 865 γᾶς,
1172 796 1539 865 ἐλεφαντίναν

421 879 598 944 λαβὰν
636 887 710 931 τῶ
751 877 939 946 ξίφεος
977 878 1318 947 χρυσοδέταν
1356 875 1518 947 ἔχων·

152 959 214 1011 τὸ
256 955 316 1011 δὲ
354 958 526 1027 μέσην
564 956 666 1025 μὲν
703 957 833 1028 ἔχον
870 961 972 1028 τὴν
1010 959 1456 1028 ἀντισπαστικήν,
1507 959 1847 1029 τρεπομένην

151 1041 288 1092 κατὰ
337 1041 436 1092 τὸν
483 1039 674 1109 ἕτερον
723 1043 870 1094 πόδα
916 1043 994 1103 εἰς
1038 1043 1105 1094 τὰ
1153 1040 1390 1109 τέσσαρα
1437 1049 1538 1094 τοῦ
1590 1042 1847 1094 δισυλλά-
1872 1063 1914 1095 10

22 1125 120 1185 [64]
153 1123 258 1188 βου
292 1125 552 1191 σχήματα,
586 1122 930 1190 ἑκατέρωθεν
963 1120 1023 1174 δὲ
1055 1123 1151 1185 τὰς
1185 1123 1451 1191 ιάμβικάς,
1483 1118 1564 1175 ὧν
1595 1123 1627 1191 ἡ
1659 1124 1845 1191 πρώτη

152 1203 242 1255 καὶ
290 1203 395 1255 ἀπὸ
443 1205 744 1256 σπονδείου
784 1205 1028 1272 ἄρχεται,
1062 1203 1349 1256 Ἀλκαϊκὸν
1395 1208 1638 1257 καλεῖται
1679 1206 1847 1257 δωδε-

153 1286 521 1353 κασύλλαβον,
562 1278 685 1338 οἷον
724 1283 862 1355 (Alc.
897 1285 991 1356 62)

232 1372 239 1378 “
375 1369 557 1437 κόλπῳ
599 1365 647 1419 6'
695 1365 945 1430 ἐδε’ξανθ’
993 1366 1156 1434 ἁγναὶ
1196 1367 1426 1432 Χάριτες
1466 1369 1682 1438 Κρόνῳ.

266 1449 352 1515 (4)
387 1452 507 1500 Τῶν
533 1445 593 1500 δὲ
616 1447 993 1517 τετραμέτρων
1025 1450 1085 1500 τὸ
1110 1444 1212 1513 μὲν
1243 1448 1640 1516 καταληκτικὸν
1670 1454 1845 1500 καθα-
1871 1472 1911 1503 15

155 1531 258 1598 ρόν
297 1529 410 1582 ἐστι
451 1531 511 1582 τὸ
551 1538 811 1582 τοιοῦτον
852 1527 1074 1600 (Sapph.
1107 1528 1201 1598 62)

303 1612 636 1664 κατθνάσκει
662 1610 894 1679 Κυθέρη
910 1610 923 1630 ’
946 1609 1382 1678 ἁβρὸς’Ἀὸωνις·
1407 1612 1464 1662 τί
1491 1630 1550 1662 κε
1573 1616 1792 1677 θεῖμεν;

302 1694 677 1745 καττύπτεσθε
716 1694 875 1762 κόραι
912 1693 1003 1745 καὶ
1035 1694 1418 1760 κατερείκεσθε
1443 1702 1696 1760 χιτῶνας·

154 1775 213 1826 τὸ
249 1771 307 1826 ὀὲ
340 1775 441 1842 τὴν
474 1774 740 1841 δευτέραν
772 1775 1029 1842 ἰαμβικὴν
1068 1771 1196 1842 ἔχον
1235 1777 1477 1826 καλεῖται
1519 1774 1845 1842 Πριάπειον,

155 1849 278 1908 οἷον
318 1854 532 1925 (Anaer.
570 1857 595 1907 1
606 1855 661 1926 7)
1870 1880 1912 1911 20

273 1984 297 2021 2
333 1977 460 2023 Caes.
494 1979 621 2022 Bass.
649 1979 711 2022 VI
737 1984 836 2033 260,
871 1984 938 2023 32.
989 1980 1103 2023 Mar.
1122 1978 1243 2022 Vicfi.
1263 1978 1326 2021 VI
1352 1983 1450 2032 118,
1479 1982 1546 2022 10.
1582 1982 1681 2033 148,
1707 1984 1843 2034 9sqq.

153 2037 349 2081 Diom.I
383 2043 490 2094 509,
518 2043 585 2082 11.
651 2038 821 2094 Oxyrh.
854 2053 961 2095 pap.
995 2039 1037 2081 Π
1067 2043 1124 2081 44
1169 2037 1255 2082 col.
1288 2038 1353 2080 ΠΙ
1392 2040 1439 2082 et
1477 2043 1534 2081 45
1575 2038 1659 2083 col.
1691 2037 1794 2081 VIII
1832 2040 1845 2089 ῥ’

154 2101 179 2140 6
211 2097 326 2142 Mar.
359 2097 481 2141 vict.
507 2098 570 2141 VI
604 2103 701 2151 109,
730 2103 766 2140 1.
822 2099 896 2141 At.
931 2098 1052 2142 Fort.
1079 2098 1143 2141 VI
1167 2101 1267 2151 295,
1304 2102 1371 2141 19.
1421 2102 1521 2151 296,
1555 2101 1593 2140 9.
1651 2097 1799 2141 Diom.
1826 2098 1846 2140 I

154 2160 262 2210 508,
303 2162 342 2200 5.
415 2156 583 2212 Oxyrh.
624 2171 731 2213 pap.
764 2157 807 2200 ΙΙ
846 2173 891 2215 p.
924 2163 978 2201 47
1025 2157 1109 2201 col.
1142 2157 1249 2200 XIV
1309 2159 1324 2213 ΙΙ
1386 2162 1438 2200 11
1481 2156 1845 2200 ἀντισπαστικὸν

154 2214 445 2272 ἑκατέρωθεν
494 2216 599 2274 ἔχον
645 2216 729 2266 τὰς
775 2216 995 2275 ἰαμβικάς
1033 2216 1174 2260 schol.
1208 2217 1258 2259 in
1290 2216 1422 2259 Pind.
1458 2215 1526 2259 Ol.
1552 2216 1573 2258 Ι
1603 2231 1648 2272 p.
1678 2220 1746 2270 15,
1775 2221 1797 2259 1

155 2279 209 2317 19
242 2275 356 2319 Mar.
391 2275 508 2319 Plot.
539 2276 598 2318 VI
629 2281 728 2329 539,
758 2280 824 2319 10.
881 2276 956 2320 At.
990 2277 1113 2320 Fort.
1140 2275 1203 2318 VI
1235 2280 1335 2330 291,
1370 2280 1438 2319 24.
1494 2275 1608 2318 Mar.
1636 2274 1756 2318 Viciz.

156 2338 253 2386 150,
290 2339 344 2378 32
363 2349 462 2390 sqq.

274 2442 298 2480 2
332 2441 538 2482 καλεῖται
585 2437 862 2493 φαλαίκειον
905 2439 954 2482 D
1008 2442 1022 2493 ΙΙ
1076 2444 1101 2481 3
1146 2438 1201 2482 of.
1238 2437 1396 2482 Choer.
1433 2442 1508 2490 78,
1536 2442 1562 2480 4
1608 2435 1844 2492 Κρατίνου

154 2494 248 2540 ἐστι’
277 2497 282 2554 Ι
311 2497 523 2556 βαβάκτα
554 2497 732 2555 γάλλων
766 2500 798 2541 Ι
823 2501 840 2564 ΙΙ
860 2504 888 2541 4
918 2497 1015 2542 πὰν
1047 2499 1110 2552 D,
1141 2514 1238 2541 παν
1265 2499 1324 2552 A,
1356 2504 1452 2541 πᾶν
1486 2499 1519 2540 Ι
1547 2500 1552 2553 Ι
1583 2497 1844 2555 ἐμβατεύων

151 2555 372 2599 ultimum
411 2559 565 2601 textus
605 2558 795 2601 verbum
827 2557 877 2600 in
908 2558 958 2601 D
1011 2559 1025 2614 ΙΙ
1080 2562 1105 2600 5
1138 2557 1188 2600 τὸ
1222 2556 1377 2615 <μὲν>
1412 2554 1558 2612 μόνην
1592 2555 1798 2600 Studem.
1830 2558 1845 2612 ΙΙ

155 2619 180 2658 9
220 2614 304 2671 μὲν
344 2629 432 2660 om.
469 2618 500 2659 I
539 2619 553 2673 ΙΙ
602 2622 655 2659 10
696 2615 872 2674 ἕτερον]
913 2615 1139 2671 πρότερον
1172 2615 1401 2659 Hotchkis
1460 2619 1464 2672 Ι
1522 2614 1579 2659 τὰ
1612 2630 1699 2659 om.
1734 2617 1844 2669 IM,

154 2674 260 2717 add.
295 2675 375 2717 ,Μ1
410 2676 416 2731 Ι
455 2675 734 2734 ὃισυλλαβου
769 2676 929 2729 M¹H‚
961 2674 1327 2733 τετρασυλλαβου
1360 2677 1462 2729 ΑΙ,
1495 2674 1551 2718 cf.
1585 2689 1628 2731 p.
1655 2679 1800 2728 31,18
1833 2650 1846 2730 ΙΙ

158 2768 208 2804 17
251 2764 539 2808 κατθνάσκει
578 2764 830 2818 Hotchkis,
878 2737 1199 2807 uamfivdong}
1232 2763 1332 2820 (sic)
1367 2764 1482 2817 ΑΡ,
1524 2763 1845 2807 καταθνοὲσκει

154 2820 253 2865 rell.
312 2826 316 2877 Ι
375 2823 542 2878 κύθερι
582 2825 616 2879 (ι
655 2838 710 2866 ex
749 2841 777 2879 η
819 2825 950 2881 corr.)
983 2825 1048 2876 A,
1096 2822 1276 2879 κυθέρη
1312 2823 1416 2874 OP,
1465 2821 1675 2878 avve-'921'
1715 2824 1808 2866 ΙΗ
1827 2826 1846 2894 ΙΙ

158 2884 211 2922 18
236 2880 558 2935 κατερείκεσθε
583 2883 740 2934 Pauw,
774 2883 1086 2938 κατερύκεσθε
1112 2883 1230 2936 AH,
1264 2882 1606 2937 κατερρύκεσθε
1625 2884 1657 2925 I
1674 2884 1689 2938 11
1716 2887 1768 2924 19
1794 2882 1843 2925 τὸ

155 2937 271 2982 δὲ-
219 2940 531 2995 -πριάπειον
565 2956 652 2984 om.
690 2944 734 2995 I,
776 2943 881 2985 add.
919 2942 998 2984 Μ1
1028 2942 1076 2984 in
1111 2957 1201 2998 mg

242 3014 479 3048 Hmmusx
439 3024 504 3048 10
530 3017 586 3048 ed
612 3016 732 3048 Cous
716 3018 793 3048 sbr
836 3018 901 3049 eh.
1551 3020 1575 3054 3
