2060 3168
231 161 338 212 382
984 162 1160 202 TPIXA

229 294 312 338 κὸν
345 293 527 352 ἴαμβον.
586 291 744 351 “Ημεῖς
775 292 848 347 δέ,
889 293 950 343 ὡς
990 292 1039 336 ἐκ
1079 299 1170 337 τῶν
1203 291 1292 348 ἤδη
1326 289 1567 349 όηθέντων
1601 293 1650 338 ἐν
1680 301 1778 345 τοῖς
1807 295 1914 349 περὶ

229 363 508 405 δακτυλικοῦ
548 363 784 416 νοηθῆναι
823 357 1095 414 δυναμένων
1135 359 1215 401 καὶ
1252 358 1449 413 τούτων,
1492 365 1573 402 τοῦ
1611 377 1660 404 τε
1691 361 1912 404 Αἰολικοῦ

229 445 346 483 φημι
387 428 727 471 ἀναπαιστικοῦ
767 426 846 469 καὶ
884 432 967 468 τοῦ
1006 427 1329 482 λογαοιδικοῦ,
1371 423 1727 482 παραδείγματα
1761 427 1914 472 αὐτῶν

229 495 283 537 οὐ
314 492 589 549 τεθείκαμεν
621 493 717 536 ἄνω
749 500 888 547 τριῶν
923 490 1101 548 στίχων,
1134 491 1248 535 ἀλλὰ
1281 490 1426 546 μόνου
1460 491 1575 542 ἑνός.

182 573 202 603 5
335 558 508 615 ”Ώσπερ
542 557 626 604 οὖν
660 558 892 616 ἐλέγομεν,
927 559 978 602 τὸ
1012 557 1351 602 ἀναπαιστικὸν
1383 556 1548 614 μέτρον
1581 558 1762 617 δέχεται
1793 560 1912 604 κατὰ

226 633 382 670 πᾶσαν
421 628 576 684 χώραν
615 623 890 679 ἀδιαφόρως
929 624 1221 669 ἀνάπαιστον
1259 624 1340 668 τὸν
1381 624 1627 682 ὁμώνυμον
1665 630 1727 683 τῷ
1767 626 1913 686 μέτρῳ

225 693 366 747 πόδα,
400 693 550 751 <καὶ>
584 694 849 745 σπονδεῖον,
883 689 933 740 ὃς
965 689 1255 741 ἀνάπαιστός
1279 691 1372 734 ἐστι
1404 691 1615 747 δυνάμει,
1646 699 1727 748 τῆς
1750 692 1911 748 προτέ-

226 777 310 814 ρας
342 760 486 803 αύτοῦ
525 757 746 814 λυθείσης
785 758 852 807 εἰς
892 757 979 818 δύο
1012 755 1248 815 βραχείας·
1295 758 1375 800 καὶ
1405 758 1598 808 τούτους
1629 759 1711 815 μὲν
1743 759 1805 811 ὡς
1836 761 1912 805 ἐπὶ

223 826 274 870 τὸ
313 827 432 869 πολὺ
473 824 676 884 δέχεται,
715 846 881 867 υυυυ
910 824 1360 879 προκελευσματικὸν
1393 823 1444 868 δὲ
1477 826 1557 868 καὶ.
1589 824 1818 870 δάκτυλον
1850 827 1912 878 ὡς

159 905 200 937 10
225 889 301 937 ἐπ’
330 892 528 937 ἔλαττον.
591 891 711 947 πλὴν
742 891 823 935 τὸν
856 889 1327 946 προκελευσματικόν,
1361 889 1411 942 ὅς
1443 891 1565 935 ἐστιν
1598 891 1647 936 ἐκ
1678 892 1910 949 τεσσάρων

224 960 451 1016 βραχειῶν
484 956 584 1002 οἷον
621 958 722 1014 ει’)ἑγε
755 956 904 1014 φέρε’,
937 955 1058 1001 διότι
1089 957 1246 1001 λύεται
1278 958 1343 1008 εἰς
1375 958 1516 1002 αὐτὸν
1547 958 1570 1002 ὁ
1602 952 1908 1012 ἀνάπαιστος·

220 1032 302 1068 τοῦ
343 1024 430 1082 γὰρ
470 1022 762 1069 ἀναπαίστου
801 1023 830 1079 ἡ
871 1023 1025 1080 μακρὰ
1067 1023 1264 1082 συλλαβὴ
1306 1024 1347 1068 εἰ
1385 1022 1551 1081 λυθείη
1585 1025 1650 1076 εἰς
1681 1026 1766 1070 δύο
1799 1027 1910 1084 βρα-
1943 1030 2060 1088 (277)

221 1089 370 1148 χείας,
418 1090 867 1147 προκελευσματικὸν
913 1090 1110 1144 ποιήσει.
1183 1092 1749 1148 Προκελευσματικὸς
1795 1090 1846 1137 δὲ
1886 1092 1910 1137 ὁ

219 1159 338 1209 ποὺς
377 1155 512 1208 οὗτος
550 1161 812 1202 καλεῖται
855 1157 936 1200 διὰ
966 1157 1018 1200 τὸ
1057 1158 1352 1211 προκελεύειν
1393 1157 1538 1202 οἱονεὶ
1571 1158 1650 1201 καὶ
1687 1158 1909 1213 προτίθε-

156 1237 196 1269 15
223 1228 337 1268 σθαι
376 1233 466 1268 τῶν
505 1223 879 1282 τετρασυλλάβων
917 1225 1097 1269 ποδῶν·
1149 1222 1203 1268 ὃν
1233 1223 1408 1278 τρόπον
1441 1225 1519 1268 καὶ
1551 1225 1632 1269 τὸν
1662 1224 1909 1284 πυρρίχιον

222 1291 338 1335 ἔνιοι
370 1293 463 1336 ἀπὸ
494 1299 576 1336 τοῦ
609 1290 825 1349 προέχειν
857 1298 950 1335 τῶν
982 1290 1130 1334 ἄλλων
1161 1292 1323 1336 ποδῶν
1356 1291 1417 1342 ὡς
1448 1291 1731 1348 βραχύτερον
1765 1291 1909 1344 οὕτως

220 1358 480 1414 ὠνόμασαν.
544 1359 625 1403 τὸν
658 1357 740 1415 μὲν
774 1355 858 1402 οὖν
889 1358 1340 1413 προκελευσματικὸν
1371 1356 1497 1402 πόδα
1529 1357 1610 1402 διὰ
1641 1358 1725 1415 τὴν
1751 1358 1906 1403 αἰτίαν

218 1425 390 1481 ταύτην
439 1425 621 1484 δέχεται
665 1426 717 1469 τὸ
758 1424 1098 1470 ἀναπαιστικὸν
1145 1421 1333 1480 μέτρον,
1381 1425 1463 1469 τὸν
1503 1425 1554 1468 δὲ
1594 1424 1822 1471 δάκτυλον
1863 1427 1907 1471 οἱ

218 1493 558 1548 δραματοποιοὶ
587 1490 1035 1549 παραλαμβάνουσιν
1060 1491 1120 1542 ὡς
1145 1488 1387 1547 ι’σόχρονον
1411 1494 1475 1550 τῷ
1506 1489 1792 1551 ἀναπαίστῳ,
1817 1490 1906 1537 κᾶν

151 1571 193 1602 20
218 1559 311 1602 ἀπὸ
345 1566 524 1614 μακρᾶς
556 1555 690 1609 οὗτος
721 1558 922 1616 ἄρχεται.
985 1558 1036 1602 τὸ
1071 1557 1121 1602 δὲ
1152 1557 1430 1601 δακτυλικὸν
1463 1558 1547 1601 οὐκ
1581 1556 1760 1615 ἐδέχετο
1793 1557 1906 1611 ὅλως

215 1626 296 1669 τὸν
329 1625 620 1670 ἀνάπαιστον
645 1625 726 1669 διὰ
749 1626 834 1682 τὴν
859 1625 1054 1683 ἐξαρχῆς
1076 1631 1167 1669 τῶν
1193 1625 1421 1682 βραχειῶν
1448 1623 1744 1680 ἐπαλληλίαν·
1779 1626 1903 1670 ἀνει-

216 1691 355 1748 μένον
403 1692 489 1749 γαρ
538 1690 597 1737 ἂν
643 1693 722 1736 καὶ
770 1699 946 1751 χαῦνον
995 1690 1140 1736 ἐποίει
1185 1691 1236 1735 τὸ
1285 1689 1471 1747 μέτρον,
1520 1691 1561 1735 εἰ
1601 1689 1715 1743 ὅλως
1755 1692 1803 1736 ἐν
1841 1696 1905 1753 τῷ

215 1759 398 1815 ἡρωϊκῴ
429 1758 810 1817 παρελαμβάνετο
843 1757 1142 1809 ἀνάπαιστος.
1175 1785 1233 1790 —
1260 1754 1428 1802 Ἰστέον
1461 1757 1512 1802 δὲ
1544 1758 1623 1801 καὶ
1654 1765 1811 1814 τοῦτο,
1843 1759 1905 1811 ὡς

217 1822 320 1868 ἔσθ’
359 1823 453 1876 ὅτε,
499 1833 591 1869 τῶν
641 1823 756 1869 ’ὅλων
804 1833 991 1880 μακρῶν
1040 1826 1274 1882 συλλαβῶν
1316 1832 1409 1868 τῶν
1448 1825 1798 1870 ἀναπαιστικῶν
1838 1826 1903 1877 εἰς

149 1902 190 1934 25
216 1890 433 1949 βραχείας
465 1891 797 1947 διαλυομένων,
839 1891 888 1935 ἐκ
918 1894 1376 1947 προκελευσματικῶν
1410 1890 1433 1934 ὁ
1469 1889 1570 1942 ὅλος
1601 1889 1777 1948 γίνεται
1810 1891 1900 1936 στί-

214 1975 314 2016 χος,
355 1960 415 2010 ὡς
454 1960 533 2002 καὶ
573 1961 729 2002 δοκεῖν
761 1973 851 2002 τισι
887 1958 1195 2015 πυρριχιακὸν
1228 1954 1350 2002 εἶναι
1380 1958 1432 2002 τὸ
1466 1957 1652 2013 μέτρον,
1685 1957 1785 2002 ἀλλ’
1816 1960 1900 2002 οὐκ

216 2026 348 2070 ἔστιν.

327 2090 592 2143 Ἀποθέσεις
632 2093 682 2136 δὲ
727 2092 830 2147 ἤτοι
870 2090 1140 2146 καταλήξεις
1177 2091 1227 2135 τὸ
1267 2089 1571 2147 προκείμενον
1612 2090 1775 2147 μέτρον
1809 2092 1899 2149 ’έχει

214 2159 274 2211 ἔξ,
307 2159 427 2203 διότι
459 2159 538 2202 καὶ
570 2157 689 2202 κατὰ
721 2157 943 2202 διποδίαν
977 2164 1226 2213 μετρεῖται·
1276 2157 1725 2216 βραχυκατάληκτον,
1757 2174 1897 2201 κατα-

147 2236 187 2266 30
213 2226 426 2282 ληκτικὸν
475 2227 540 2277 εἰς
586 2224 835 2283 συλλαβήν,
883 2223 1220 2280 καταληκτικὸν
1269 2224 1334 2274 εἰς
1381 2224 1676 2282 δισύλλαβον,
1724 2223 1896 2267 ἀκατά-

212 2295 397 2347 ληκτον,
438 2291 844 2347 ὑπερκατάληκτον
885 2291 949 2340 εἰς
989 2290 1237 2347 συλλαβήν,
1277 2289 1681 2346 ὑπερκατάληκτον
1721 2291 1787 2342 εἰς
1826 2292 1895 2334 δι-

214 2359 449 2416 σύλλαβον.
475 2385 527 2390 -
554 2362 807 2413 Μετρεῐται
839 2356 890 2401 δὲ
915 2357 964 2400 τὸ
998 2355 1080 2412 μὲν
1106 2356 1446 2401 ἀναπαιστικὸν
1471 2355 1636 2412 μέτρον
1667 2357 1746 2400 καὶ
1778 2357 1895 2400 κατὰ

213 2423 456 2477 διποδίαν,
495 2426 546 2469 τὸ
587 2425 637 2468 δὲ
671 2424 946 2468 δακτυλικὸν
985 2422 1104 2466 κατὰ
1137 2422 1282 2479 μόνην
1315 2421 1604 2479 μονοποδίαν
1644 2421 1706 2466 δι’
1738 2421 1893 2468 αἰτίαν

212 2491 444 2547 τοιαύτην.
508 2490 731 2535 οὐδέποτε
764 2489 928 2546 μέτρον
959 2507 1004 2533 τι
1034 2489 1119 2545 τὴν
1152 2489 1423 2545 ἑξαμετρίαν
1455 2488 1737 2546 ὑπερβαίνει.
1795 2490 1894 2534 ἐπεὶ
1925 2495 2060 2552 (278),

334 2651 501 2688 14-17
537 2646 592 2689 cf.
621 2646 778 2690 Choer.
807 2651 906 2700 218,
928 2651 1039 2688 1-3
1087 2648 1100 2701 ΙΙ
1147 2649 1364 2699 32-383,
1384 2650 1407 2687 7
1451 2645 1506 2689 of.
1541 2645 1655 2687 Mar.
1681 2645 1800 2688 vict.
1827 2644 1889 2687 VI

215 2708 282 2757 75,
308 2709 362 2747 26
387 2707 401 2759 ΙΙ
426 2710 481 2746 34
515 2704 687 2748 sch01.A
717 2710 815 2758 132,
841 2708 879 2747 8.
929 2704 1000 2747 Ps.
1020 2704 1190 2748 Tricha
1221 2705 1307 2760 (ed.
1334 2704 1489 2759 Furia)
1522 2709 1593 2759 43,
1619 2708 1644 2746 8

328 2857 353 2893 4
387 2851 481 2894 ἄνω
510 2852 647 2909 Jung,
682 2852 772 2895 ἀνὰ
798 2853 903 2895 PK
923 2854 936 2907 ΙΙ
964 2856 986 2893 7
1019 2852 1098 2894 καὶ
1129 2852 1263 2894 inser.
1290 2852 1415 2907 Jung
1437 2853 1451 2907 ΙΙ
1478 2855 1531 2894 10
1563 2850 1702 2907 πλὴν]
1734 2866 1887 2905 παρα-

209 2909 493 2967 λαμβάνουσι
527 2910 575 2954 δὲ
609 2910 733 2967 Jung
761 2913 766 2966 Ι
797 2909 863 2968 ὅς]
897 2909 956 2960 ὥς
987 2912 1032 2954 Ρ
1051 2913 1065 2966 ΙΙ
1091 2915 1144 2953 25
1178 2911 1400 2969 βραχεῖαν
1431 2911 1537 2954 PK
