2060 3168
2 974 19 1047 «ιη-Ρ

3 1378 17 1607 «σμ’-ομ..
3 1207 16 1364 „ema-⁶·-
4 1122 18 1162 αι,
2 1059 14 1101 f-

521 179 544 219 Ι
563 188 592 220 7.
611 189 631 220 8
663 177 808 218 ΠΕΡΙ
838 177 1074 219 ΚΟΙΝΗΣ
1106 176 1434 218 ΣΤΒΒΑΒΗΣ
1722 175 1830 226 201

143 312 291 383 λόγῳ
330 319 426 379 τῆς
463 319 654 379 κοινῆς
693 312 1093 380 λαμβανόμενα.
1168 320 1391 380 πρῶτον
1427 310 1530 377 μὲν
1568 311 1672 378 γὰρ
1714 310 1836 363 ἀνε-

141 393 624 461 διπλασιάσθησαν
675 393 811 445 κατὰ
857 393 956 445 τὸν
1000 395 1404 461 παρακείμενον
1452 393 1524 454 ὡς
1577 395 1835 461 βραχείας

141 475 310 542 οὔσης
348 482 442 542 τῆς
482 475 778 542 συλλαβῆς,
818 467 941 527 οἷον
979 473 1268 543 μέμνημαι.
1332 470 1447 526 εἶτα
1488 470 1549 526 δὲ
1585 474 1674 527 καὶ
1715 493 1835 528 ποι-

141 563 267 608 οῦσι
314 555 511 623 κοινὴν
551 554 611 606 ἐν
649 563 766 617 τοῖς
803 554 1034 624 μέτροις.
1111 555 1199 606 καὶ
1239 554 1548 626 παραφέρει
1587 554 1616 608 ὁ
1655 574 1835 623 μετρι-

141 637 236 699 κὸς
273 644 439 690 τοῦτο
480 635 542 688 ἐν
582 637 896 705 διαφόροις·
938 633 1011 706 (6,
1037 633 1095 706 3)
1137 628 1260 688 οἷον
1297 636 1444 705 παρὰ
1475 642 1549 708 τῷ
1577 638 1835 708 Κρατίνῳ

143 717 204 771 ἐν
245 719 567 780 Πανόπταις
607 718 842 786 δράματι
884 715 1041 787 (154)
1084 719 1162 780 εἰς
1201 720 1330 780 ἔπος

290 798 793 867 ἀλλοτριογνώμοις
834 798 1160 867 ἐπιλήσμοσι
1203 810 1612 868 μνημονικοΐσι,

140 881 229 934 καὶ
269 882 417 949 παρὰ
460 879 765 952 Ἐπιχάρμῳ
807 878 868 934 ἐν
907 882 1188 950 Μεγαρίδι

293 963 532 1030 εὔυμνος
555 960 645 1014 καὶ
670 963 930 1030 μοισικὰν
953 959 1158 1031 ἔχουσα
1180 973 1364 1015 πᾶσαν
1391 964 1694 1032 φιλόλυρος
1719 963 1836 1031 ἠχή.

141 1042 257 1098 ἔστι
313 1040 374 1096 δὲ
429 1044 488 1096 τὸ
536 1042 737 1110 μέτρον
782 1044 1077 1112 τροχαϊκὸν
1122 1045 1487 1113 τετράμετρον
1534 1044 1837 1113 ὑπερκατα-

142 1130 356 1194 ληκτον.
436 1123 620 1177 ἰστέον
667 1125 728 1177 δὲ
775 1124 859 1177 ὅτι
907 1123 967 1176 ἐν
1013 1133 1132 1187 ταῖς
1178 1124 1392 1188 ἀνίσοις
1440 1134 1539 1179 τοῦ
1578 1126 1837 1179 τοιούτου

141 1205 363 1276 μέτρου,
415 1205 554 1273 λέγω
597 1206 664 1274 δὴ
704 1213 804 1258 τοῦ
844 1214 1158 1275 τροχαϊκοῦ,
1198 1208 1489 1270 σπονδεῖος
1528 1207 1595 1260 οὐ
1635 1210 1837 1275 πίπτει,

142 1287 271 1341 ἀλλ’
309 1286 370 1341 ἐν
408 1296 526 1349 ταῖς
567 1287 781 1356 ἀρτίαις
819 1295 983 1340 τοῦτο
1023 1289 1253 1355 γίνεται·
1294 1290 1386 1342 διὰ
1416 1297 1580 1343 τοῦτο
1615 1290 1718 1359 γὰρ
1751 1287 1838 1342 ἐν-

141 1375 327 1423 ταῦθα
365 1370 427 1422 τὸ
468 1371 542 1438 {H}
581 1367 643 1421 ἐν
682 1377 745 1439 τῇ
785 1370 971 1439 πρώτῃ
1011 1370 1168 1438 βάσει
1208 1371 1310 1438 τὴν
1341 1372 1536 1439 κοινὴν
1567 1369 1837 1439 ἐποίησεν.

141 1452 623 1520 ὑπερκατάληκτον
679 1450 743 1503 δέ
797 1449 971 1517 ἐστιν,
1026 1449 1142 1504 ἐπεὶ
1203 1453 1337 1520 μετὰ
1390 1455 1519 1515 τοὺς
1572 1451 1838 1520 τέσσαρας

142 1535 315 1596 πόδας
353 1535 483 1595 τοὺς
530 1533 666 1584 κατὰ
713 1533 975 1585 διποδίαν
1013 1532 1421 1601 μετρουμένους
1460 1536 1706 1602 συλλαβὴ
1746 1552 1839 1587 πε-

143 1616 392 1685 ριττεύει.
454 1615 552 1666 τὸν
590 1613 852 1683 τέταρτον
891 1611 950 1666 δὲ
989 1615 1134 1666 πόδα
1171 1617 1478 1684 χοριάμβον
1517 1612 1643 1684 ἔχει,
1682 1635 1839 1668 τουτ-

144 1697 296 1750 έστιν
351 1695 455 1749 ἀπὸ
507 1698 769 1766 τροχαίου
823 1696 914 1749 καὶ
971 1697 1170 1765 ἰάμβου
1218 1699 1604 1765 συγκείμενον
1671 1697 1840 1749 πάλιν

144 1783 204 1839 δὲ
258 1787 319 1839 τὸ
376 1789 507 1855 φιλο
556 1786 658 1839 δύο
710 1787 960 1854 βραχεῖαι
1008 1783 1128 1837 ἀντὶ
1177 1794 1304 1852 μιᾶς
1350 1794 1558 1854 μακρᾶς
1604 1786 1839 1854 παρελή-

145 1873 390 1937 φθησαν.
437 1867 562 1936 ιεἰσὶ
589 1864 647 1919 δὲ
673 1868 840 1920 πάλιν
865 1868 953 1920 καὶ
978 1868 1126 1935 παρὰ
1140 1868 1472 1939 Καλλιμάχῳ
1489 1866 1838 1937 (27=Heph.

143 1968 193 2018 p.
227 1950 276 2017 6,
301 1949 357 2016 9)

293 2032 398 2094 τὼς
437 2028 540 2100 μὲν
581 2030 609 2083 ὁ
650 2031 1041 2100 Μνησάρχειος
1079 2033 1184 2099 ἔφη
1226 2029 1401 2094 ξένος·

145 2114 211 2166 οὐ
252 2114 337 2166 δεῖ
377 2110 437 2166 δὲ
475 2114 644 2165 πάλιν
683 2113 824 2181 ἡμᾶς
863 2115 1198 2182 χρήσασθαι·
1238 2111 1443 2164 σπάνια
1482 2113 1584 2179 γὰρ
1624 2112 1713 2164 καὶ
1754 2126 1840 2164 σε-

144 2194 522 2265 σημειωμε’να.,

258 2274 331 2346 (6,
360 2275 450 2346 10)
493 2276 615 2329 Ἐὰν
664 2278 843 2341 μέντοι
882 2280 975 2340 τῆς
1021 2276 1288 2340 προτέρα(
1329 2278 1589 2340 ευλλαβῆ(
1629 2276 1839 2328 τελικὸν

145 2359 176 2427 ᾗ
232 2360 294 2410 τὸ
351 2358 601 2424 ἄφωνον,
656 2362 748 2421 τῆ(
804 2360 863 2410 δὲ
926 2358 1180 2422 δευτέρας
1236 2357 1484 2422 ἀρκτικὸν
1539 2358 1600 2409 τὸ
1655 2357 1840 2422 ὑγρόν,

146 2539 214 2582 Th
267 2480 493 2583 6353hggr.
535 2481 584 2523 in
624 2480 798 2524 Theod.
834 2479 947 2524 GGr
976 2479 1039 2523 IV
1065 2485 1089 2523 2
1130 2495 1175 2536 p.
1203 2485 1279 2533 78,
1302 2485 1368 2524 18.
1434 2479 1575 2523 schol.
1616 2479 1665 2522 in
1703 2479 1838 2523 Dion.

219 2555 252 2583 r.
371 2575 381 2594 ‚

268 2641 290 2679 1
326 2635 439 2694 γὰρ]
469 2634 538 2680 ὅτι
572 2638 624 2680 Κ
666 2638 680 2692 ΙΙ
721 2636 789 2693 1s2
825 2634 1258 2692 ἐδιπλασιάσθησαν
1293 2636 1338 2680 U
1372 2637 1386 2691 ΙΙ
1433 2639 1458 2677 3
1491 2633 1716 2690 μέμνηται
1750 2635 1796 2677 Κ
1827 2635 1842 2692 ΙΙ

149 2700 174 2737 4
208 2692 258 2738 δὲ
292 2696 390 2753 καὶ]
425 2695 482 2751 δὴ
517 2697 571 2739 Κ
600 2697 606 2752 Ι
641 2693 884 2750 περιφέρει
917 2695 1048 2738 codd.
1079 2697 1084 2751 Ι
1122 2695 1191 2753 ἐν]
1224 2695 1305 2738 καὶ
1337 2695 1386 2738 ἐν
1421 2695 1465 2739 U
1489 2696 1503 2750 ΙΙ
1536 2699 1562 2737 5
1594 2694 1670 2767 τᾷἶ]
1703 2694 1754 2737 τὸ
1790 2695 1840 2746 U,

149 2767 235 2797 om.
264 2755 315 2798 K
357 2756 372 2811 11
411 2759 437 2798 6
471 2755 541 2812 ἐν]
575 2755 654 2797 καὶ
689 2755 742 2797 K
775 2757 789 2810 ΙΙ
832 2759 854 2796 7
888 2754 1287 2810 ἀλλοτριογνώμης
1318 2755 1370 2797 Κ
1405 2755 1419 2810 Η
1461 2758 1514 2796 13
1547 2753 1726 2806 ἀρτιοις
1759 2754 1834 2808 ΠΙ

148 2820 282 2857 τοῦτο
316 2812 491 2869 γίνεται
517 2828 604 2857 om.
632 2814 687 2857 K
705 2816 719 2870 ΙΙ
747 2814 875 2871 13s14
909 2813 1117 2858 ἐνταῦθα
1144 2814 1338 2869 0111.Κῇ
1366 2818 1418 2855 15
1452 2811 1584 2870 μετὰ]
1617 2814 1737 2855 κατὰ
1763 2812 1842 2868 ΚΗ

148 2877 202 2914 ‘22
236 2879 334 2924 πῶς
367 2874 411 2918 U
442 2875 448 2928 Ι
484 2873 575 2928 ἔφα
611 2874 655 2918 U
678 2875 693 2929 ΙΙ
726 2877 780 2927 25
815 2872 920 2930 ἐὰν]
954 2873 995 2916 εἰ
1019 2873 1071 2916 K
1107 2874 1113 2929 Ι
1147 2879 1201 2929 τῆ
1234 2870 1437 2927 προτέρα
1471 2872 1670 2930 συλλαβῆ
1705 2871 1757 2925 U,
1792 2871 1841 2915 ἐν

147 2937 202 2988 τῇ
234 2930 434 2992 προτέρᾳ
468 2933 666 2990 συλλαβῇ
698 2932 847 2988 Heph.
874 2933 888 2988 ΙΙ
914 2937 967 2975 26
1000 2938 1081 2988 τῆς
1112 2930 1332 2988 δευτέρας
1365 2931 1488 2976 ἐστιν
1523 2931 1567 2976 U

1863 1066 1907 1098 10

1863 1473 1906 1506 15

1866 1889 1909 1921 20

1865 2295 1907 2327 25
