2060 3168
180 1077 221 1106 10

175 1481 217 1512 15

175 1887 217 1918 20

243 189 351 240 216
697 190 1006 232 ΓΕΩΡΓΙΟΤ
1037 190 1475 232 ΧοΙΡοΒοΣΚοΤ

241 343 471 394 χρονοςΪ
548 324 638 376 καὶ
678 323 1025 394 ἀμφίμακρος
1063 320 1163 392 μὲν
1202 323 1430 391 λέγεται,
1470 324 1554 377 ὅτι
1586 323 1927 393 ἑκατέρωθεν

242 413 337 472 τῆς
382 407 638 474 βραχείας
684 402 795 474 ἔχει
833 406 928 467 τὰς
974 405 1195 473 μακράς.
1273 405 1525 472 κρητικὸς
1564 405 1648 474 δέ,
1697 406 1779 458 ὅτι
1819 406 1925 459 ὑπὸ

244 489 478 554 Κρητῶν
519 487 791 554 εὑρῆσθαι
832 487 1004 538 δοκεῖ·
1045 485 1248 538 ἐκεῖνοι
1287 487 1399 554 γὰρ·
1430 496 1638 555 πρῶτοι
1669 495 1832 540 τοῦτο
1866 488 1926 539 τὸ

243 566 403 635 γένος
434 576 529 636 τῆς
561 567 935 636 ῥυθμοποιίας
966 567 1186 635 ὀρχήσει
1217 568 1318 635 τὴν
1348 567 1515 634 βάσιν
1546 567 1929 636 ἀπαρτίζοντες

245 647 486 701 ἐποίουν.
550 650 859 721 παιωνικὸςι
888 647 965 716 δέ,
1006 645 1122 700 ἐπεὶ
1161 647 1299 715 πρὸς
1329 648 1395 699 τὰ
1428 649 1701 700 παιωνικὰ
1731 649 1930 700 καλού-

245 749 383 798 μενα
421 729 589 798 με’τρα
628 730 908 799 ἥρμοσται.

354 810 793 880 Άμφίβραχυς
833 810 910 878 δέ,
950 808 1010 862 ἐκ
1045 812 1301 878 βραχείας
1332 809 1421 862 καὶ
1453 817 1662 878 μακρᾶς
1693 808 1806 862 ἐστὶ
1839 809 1929 862 καὶ

243 894 517 960 βραχείας,
557 892 952 961 ιτετραχρονος.
1016 891 1225 958 εἴρηται
1258 889 1317 942 δ’
1349 890 1538 958 οὕτως,
1571 891 1654 943 ὅτι
1685 891 1792 943 ὑπὸ
1827 891 1928 943 δύο

242 976 513 1041 βραχειῶν
552 974 654 1041 τὴν
692 974 907 1043 μακρὰν
944 972 1336 1041 περιλαμβάνει
1368 969 1731 1039 ἔμπαλιντοῦ
1765 971 1929 1040 ἀμφι-

243 1055 494 1124 μάκρου]
538 1054 603 1106 ὅν
642 1073 786 1116 τινες
818 1051 908 1105 καὶ
939 1053 1305 1121 ὑπερθετικὸν
1335 1057 1617 1119 καλοῦσιν,
1651 1053 1735 1105 ὅτι
1766 1053 1930 1123 ὑπερ-

243 1135 541 1203 τιθεμένην
579 1132 690 1203 ἔχει
730 1128 953 1187 ἄνωθεν
991 1135 1092 1202 τὴν
1130 1136 1406 1201 βραχεῖαν.

355 1220 672 1285 Βακχεῖος
714 1213 774 1267 δὲ
807 1215 865 1267 ἐκ
896 1217 1153 1285 βραχείας
1189 1215 1279 1266 καὶ
1312 1215 1414 1266 δύο
1447 1224 1687 1284 μακρῶν,
1718 1216 1929 1287 ιπεντοὲ-

242 1317 470 1367 χρονοςλ.
547 1302 792 1350 καλεῖται
832 1293 893 1349 δὲ
933 1296 1107 1356 οὕτως
1147 1296 1238 1347 διὰ
1276 1296 1336 1347 τὸ
1377 1297 1513 1364 πρὸς
1551 1298 1679 1358 τοὺς
1709 1297 1930 1365 <βακχι-

240 1379 406 1446 κοὺς>
454 1378 708 1447 ῥυθμοὺς
762 1377 1079 1445 ἐπιτηδείως
1125 1374 1284 1445 ἔχειν.
1361 1374 1505 1439 τινὲς
1553 1378 1612 1430 δὲ
1659 1377 1749 1430 καὶ
1795 1379 1928 1431 ὑπο-

241 1459 498 1528 βάκχειον
537 1463 805 1511 καλοῦσιν
845 1459 1028 1511 αὐτόν.
1480 1506 1484 1512 .

346 1538 401 1591 Ὁ
441 1540 501 1592 δὲ
547 1541 1083 1608 παλιμβάκχειος,
1130 1538 1177 1608 ιὁ
1218 1540 1307 1591 καὶ
1356 1540 1662 1607 ὃιονύσιος,
1718 1539 1777 1593 ἐκ
1825 1542 1928 1594 δύο

242 1630 464 1689 μακρῶν
510 1621 599 1673 καὶ
657 1623 935 1690 βραχείας,
985 1621 1373 1691 πεντάχρονος]
1418 1620 1508 1673 καὶ
1556 1621 1930 1691 ἀντιβάκχειος

242 1707 508 1770 καλεῖται,
560 1703 641 1755 ὅτι
691 1702 950 1764 ἐναντίως
997 1702 1262 1754 διάκειται
1301 1709 1374 1774 τῷ
1417 1702 1616 1774 ῥυθμῷ
1657 1704 1793 1772 πρὸς
1831 1704 1929 1756 τὸν

242 1787 523 1852 βακχεῖον,
576 1785 859 1845 διονύσιος
898 1780 958 1835 δὲ
998 1783 1140 1835 καθὸ
1182 1785 1272 1836 καὶ
1313 1785 1476 1845 αὐτὸς
1514 1785 1651 1853 πρὸς
1689 1786 1754 1836 τὰ
1793 1791 1926 1837 Διο-

241 1866 476 1917 νυσιακὰ
515 1865 648 1933 μέλη
688 1867 990 1932 πεποίηται.
1067 1866 1213 1927 τινὲς
1253 1862 1314 1917 δὲ
1354 1865 1523 1917 αὐτὸν
1555 1867 1926 1934 προσοδιακὸν

245 1949 511 1998 καλοῦσιν
558 1947 648 1998 καὶ
697 1947 1067 2012 πομπευτικὸν
1114 1948 1206 1999 διὰ
1252 1947 1312 1999 τὸ
1354 1945 1416 1998 ἐν
1453 1956 1568 2008 τοῖς
1607 1948 1929 2015 προσοδίοις

362 2095 386 2132 2
421 2089 709 2146 Κουρητικός
742 2091 882 2134 schol.
918 2091 1042 2148 (RV)
1076 2091 1215 2135 Arist.
1241 2091 1361 2134 Nub.
1390 2095 1471 2135 651
1528 2093 1542 2147 ΙΙ
1597 2097 1649 2134 21
1687 2093 1929 2148 pompicus

242 2150 494 2193 Ma1-.Vict.
522 2154 592 2205 45,
612 2155 664 2192 27

364 2287 386 2325 1
421 2282 720 2338 ἀμφιμακρὸς
753 2282 803 2327 δὲ
836 2285 939 2339 (om.
971 2284 1066 2338 καὶ)
1094 2285 1180 2340 ΚΙΙ
1205 2289 1229 2326 2
1262 2283 1346 2340 τὴν
1379 2282 1561 2339 μακρὰν
1595 2284 1638 2327 U
1656 2286 1670 2340 ΙΙ
1695 2288 1719 2326 3
1753 2291 1928 2338 πρῶτοι

244 2355 331 2384 om.
359 2343 452 2397 ΚΗ
484 2346 510 2383 4-
544 2341 693 2399 γένος]
728 2340 892 2396 μέτρον
926 2343 980 2385 Κ
1004 2345 1018 2398 ΙΙ
1051 2347 1075 2385 5
1109 2343 1294 2392 ἰωνικὸς
1326 2344 1372 2385 et
1403 2342 1567 2386 ἰωνικὰ
1600 2343 1732 2386 codd.
1758 2344 1772 2399 ΙΙ
1798 2347 1821 2385 7
1855 2343 1926 2400 δὲ]

244 2398 311 2443 ὅτι
329 2401 403 2456 ΚΙ
426 2400 475 2443 ἐκ
501 2401 695 2458 βραχεος
711 2403 815 2456 (om.
835 2401 914 2444 καὶ
939 2409 1119 2457 μακρᾶς
1144 2402 1253 2458 ἐστι)
1275 2403 1342 2458 ΠΗ
1362 2406 1416 2445 10
1443 2401 1516 2459 ὃν]
1541 2409 1675 2445 τοῦτο
1695 2403 1756 2457 Ul
1777 2417 1928 2455 παρα-

241 2458 465 2516 λαμβάνει
501 2460 615 2512 UK3
649 2473 761 2503 corr.
791 2460 933 2516 Egon.
959 2462 973 2516 ΙΙ
1000 2466 1051 2503 11
1094 2461 1282 2504 ἄνωθεν
1316 2475 1402 2504 om.
1430 2461 1515 2516 ΚΙΙ
1543 2466 1594 2503 12
1637 2461 1686 2504 δὲ
1719 2475 1805 2503 om.
1834 2462 1885 2504 K
1911 2463 1924 2517 ΙΙ

248 2522 419 2561 13--14
451 2525 548 2567 τοῖς
580 2515 778 2574 ῥυθμοῖς
810 2517 1075 2569 ἐπιδείσεως
1108 2521 1151 2564 U
1195 2522 1199 2575 Ι
1254 2520 1503 2577 βακχικοὺς
1535 2520 1639 2562 add.
1675 2519 1878 2563 Studem.
1914 2522 1927 2576 ἓξ

245 2582 299 2619 14
331 2576 454 2628 τινες
486 2576 536 2621 δὲ
575 2578 675 2635 καὶ]
710 2577 825 2621 ἔνιοι
859 2577 908 2622 δὲ
944 2580 1016 2634 UH
1042 2583 1096 2621 16
1130 2578 1181 2622 δὲ
1213 2593 1301 2622 om.
1329 2580 1410 2634 Kl
1441 2577 1490 2629 ὃς
1520 2579 1599 2621 καὶ
1631 2576 1813 2628 νυσειός
1844 2579 1887 2622 U
1912 2556 1926 2637 Η

245 2640 296 2677 17
330 2639 534 2679 καλεῖται
567 2639 675 2679 ante
707 2637 786 2679 καὶ
818 2651 922 2692 pon.
951 2638 1004 2680 K
1038 2639 1051 2693 ΙΙ
1089 2642 1142 2680 19
1175 2640 1382 2681 καλεῖται
1414 2638 1464 2681 δὲ
1497 2638 1574 2680 καὶ
1607 2637 1844 2688 διονύσιος
1876 2637 1926 2681 ἐκ

243 2695 326 2737 δύο
369 2703 556 2749 μακρῶν
595 2696 674 2738 καὶ
714 2693 933 2752 βραχείας
968 2696 1093 2739 καθὸ
1129 2697 1182 2739 K
1229 2699 1242 2752 Η
1299 2698 1427 2753 19s20
1468 2695 1712 2739 διονυσικὰ
1746 2696 1875 2739 codd.
1911 2697 1925 2754 ᾗῇ

244 2757 298 2795 20
323 2754 638 2807 προσοδιακὸν
663 2767 718 2797 ex
735 2756 819 2796 An.
835 2754 992 2798 Ambr.
1010 2760 1189 2809 226‚13‚
1215 2755 1539 2809 προποὸιακὸν
1564 2755 1694 2797 codd.
1722 2757 1735 2810 ΙΙ
1761 2759 1813 2797 21
1841 2771 1923 2797 κα-

241 2814 399 2855 λοῦσιν
431 2814 509 2855 καὶ
541 2812 877 2870 πομπευτικὸν]
912 2813 955 2856 οἱ
988 2813 1038 2858 δὲ
1070 2815 1306 2869 πομπικὸν
1339 2818 1528 2857 καλοῦσι
1561 2814 1604 2857 U
1634 2816 1639 2868 Ι
1675 2829 1924 2868 πομπευτι-

243 2871 325 2913 κὸν
360 2871 499 2914 schol.
533 2871 710 2927 Heph.1³
739 2887 782 2927 p.
811 2877 880 2926 29,
900 2877 939 2925 2,
972 2873 1261 2927 πομποτικὸν
1294 2875 1358 2926 Κ,
1390 2872 1626 2928 πομπικὸν
1659 2873 1702 2915 U
1735 2875 1740 2927 Ι
1783 2887 1923 2927 προσ-

244 2927 408 2986 οδιόις]
442 2929 718 2983 προποδίοις
750 2931 802 2982 U,
834 2929 1018 2980 ποδιόις
1052 2933 1104 2974 Κ

1963 981 2018 1022 60
