2060 3168
276 184 345 236 37
351 185 384 235 2
1026 186 1203 226 TPIXA

273 316 418 368 οὕτως
449 318 659 362 ἐνταῦθα
691 317 772 360 τὸν
803 315 1032 360 δάκτυλον
1065 316 1115 360 ἐν
1146 323 1248 367 ταῖς
1278 325 1530 372 περιτταῖς,
1563 319 1624 370 ὡς
1655 319 1749 363 ἀπὸ
1781 326 1959 375 μακρᾶς

272 381 532 440 ἀρχόμενον
563 384 643 428 καὶ
674 382 785 432 τέως
815 381 934 425 κατὰ
966 389 1100 425 τοῦτο
1135 382 1453 439 οἰκειούμενον
1477 388 1539 444 τῷ
1563 382 1779 445 τροχαίῳ.
1827 385 1959 442 Πλὴν

273 449 424 505 ὥσπερ
457 451 554 495 ἐκεῖ
580 451 688 501 τοὺς
720 449 884 499 ἄλλους
922 446 1004 504 μὲν
1035 447 1188 499 πόδας
1221 449 1351 505 παρὰ
1381 457 1478 501 τοῖς
1509 449 1750 507 νεωτέροις
1782 451 1959 508 ἔφαμεν

272 521 557 572 παρεᾶσθαι,
589 515 735 574 μόνον
768 514 820 559 δὲ
850 515 931 557 τὸν
965 513 1134 571 ἴαμβον
1159 514 1208 557 ἐν
1232 522 1334 566 ταῖς
1364 514 1560 571 ἀρτίαις,
1592 517 1673 560 καὶ
1703 517 1785 561 τὸν
1818 531 1959 562 σπον-

227 597 249 629 5
275 586 402 628 δεῑον
435 581 462 638 ἢ
493 583 575 628 τὸν
608 583 778 641 ἴαμβον
811 581 861 625 ἐν
892 587 994 631 ταῖς
1024 587 1259 635 περιτταῖς
1287 584 1460 638 χώραις
1488 582 1958 640 παραλαμβάνεσθαι,
1991 588 2060 643 (26

273 650 323 692 ἐν
363 649 414 694 δὲ
453 656 506 707 τῇ
546 646 784 709 τελευταίᾳ
822 647 901 690 καὶ
942 647 1023 690 τὸν
1055 644 1324 703 πυρρίχιον,
1365 646 1482 691 οὕτω
1515 650 1764 693 κάνταῦθα
1798 649 1847 693 ἐν
1877 649 1961 706 μὲν

272 722 374 765 ταῖς
403 723 638 771 περιτταῖς
667 716 748 759 τὸν
780 721 998 771 τροχαῖον
1031 711 1198 768 μόνον,
1230 713 1281 757 ἐν
1313 712 1365 758 δὲ
1397 721 1498 764 ταῖς
1530 712 1715 771 ἀρτίαις
1743 715 1824 759 τὸν
1855 732 1962 772 τρο-

275 789 410 838 χαῖον
443 779 471 837 ἢ
503 782 585 826 τὸν
619 785 868 826 σπονδεῖον
901 779 1149 836 δεχόμεθα.

394 851 598 892 Τοιαῦτα
631 849 710 892 καὶ
743 847 799 891 τὰ
831 845 1111 902 προκείμενα
1143 843 1303 902 μέτρα·
1337 846 1548 890 καθόλου
1580 847 1668 904 γὰρ
1700 849 1751 892 τὸ
1778 848 1828 893 ἐν
1852 848 1959 893 ἐκά-

205 930 247 961 10
275 929 362 974 στῳ
401 913 545 974 μέτρῳ
585 921 683 965 τοῖς
715 914 975 971 ὁμωνύμοις
1006 912 1260 964 πλεονάζον
1291 914 1430 956 ποσὶν
1463 913 1732 969 ἐπαινετόν,
1776 912 1877 959 οἷον
1911 915 1961 958 ἐν

274 981 472 1040 ἰαμβικῷ
505 982 587 1037 μὲν
629 980 774 1040 μέτρῳ
815 979 1019 1037 ἰάμβοις,
1069 978 1118 1022 ἐν
1159 978 1210 1023 δὲ
1243 984 1473 1040 τροχαῖκῷ
1513 974 1774 1039 τροχαίοις,
1821 982 1871 1027 ἐν
1910 981 1963 1026 δὲ

271 1049 526 1107 δακτυλικῷ
567 1048 833 1101 δακτύλοις,
873 1046 952 1089 καὶ
993 1045 1068 1089 ἐπὶ
1107 1053 1198 1088 τῶν
1239 1046 1386 1090 ἄλλων
1426 1046 1661 1098 ὡσαύτως·
1710 1047 1762 1091 τὸ
1795 1047 1846 1092 δὲ
1878 1049 1959 1091 καὶ

271 1111 427 1157 διόλου
458 1121 555 1164 τοῖς
589 1114 851 1170 ὁμωνύμοις
889 1115 1050 1168 μόνοις
1079 1115 1286 1169 χρῆσθαι
1311 1115 1466 1171 πολλῷ
1497 1113 1959 1169 ἀξιεπαινετώτερον·

274 1180 489 1233 καθαρὸν
522 1197 610 1237 γαρ
642 1179 743 1225 τότε
774 1180 825 1223 τὸ
857 1178 1024 1236 μέτρον
1055 1177 1247 1236 λέγεται.

205 1262 245 1294 15
390 1246 495 1289 Εἰσὶ
527 1245 579 1290 δὲ
612 1263 671 1290 τα
702 1245 985 1302 προκείμενα
1025 1243 1166 1301 μέτρα
1197 1246 1422 1302 τροχαῑκα
1453 1246 1734 1302 τετράμετρα
1766 1229 1963 1303 καταλη-

273 1311 426 1355 κτικά·
468 1311 713 1369 βαίνονται
754 1313 840 1370 γὰρ
882 1312 960 1355 καὶ
991 1319 1137 1355 ταῦτα
1169 1312 1288 1355 κατὰ
1320 1310 1567 1368 διποδίαν,
1607 1313 1690 1357 διὰ
1721 1314 1772 1357 τὸ
1807 1314 1858 1357 ἐκ
1888 1317 1959 1358 δι-

271 1377 504 1436 συλλάβων
544 1380 606 1429 ὡς
644 1380 701 1424 τὰ
749 1378 894 1423 πολλὰ
934 1383 1210 1435 συγκεῖσθαι
1248 1381 1422 1422 ποδῶν.
1494 1378 1644 1434 ὥσπερ
1685 1379 1738 1424 δὲ
1781 1380 1830 1424 ἐν
1869 1387 1965 1430 τοῖς

270 1446 502 1502 ἰαμβικοῖς
542 1445 877 1503 ἐπισημότατον
915 1441 997 1489 καὶ
1034 1443 1532 1500 περιφανέστατόν
1575 1446 1670 1490 ἐστι
1701 1446 1752 1490 τὸ
1789 1446 1964 1491 ἀκατά-

273 1514 437 1568 ληκτον
470 1511 724 1569 τρίμετρον,
757 1512 903 1564 οὕτως
935 1512 984 1556 ἐν
1016 1519 1114 1563 τοῖς
1147 1518 1411 1568 τροχαῑκοῖς
1440 1513 1491 1555 τὸ
1525 1514 1862 1569 καταληκτικὸν
1893 1530 1963 1558 τε-

207 1595 249 1626 20
275 1577 540 1633 τράμετρον.
603 1578 821 1637 κέχρηται
853 1579 940 1637 γὰρ
974 1580 1099 1638 αὐτῷ
1123 1579 1203 1622 καὶ
1228 1576 1488 1634 Εὐριπίδης
1513 1578 1562 1622 ἔν
1586 1595 1633 1623 τε
1666 1582 1850 1631 πολλοῖς
1873 1587 1963 1624 τῶν

276 1646 418 1689 αὐτοῦ
459 1645 709 1702 δραμάτων
749 1645 829 1690 καὶ
869 1645 933 1688 ἔτι
973 1646 1308 1700 καθαρώτερον
1349 1645 1398 1688 ἐν
1433 1642 1631 1704 Ὀρέστῃ.
1706 1646 1965 1703 ἐπιτηδεύει

274 1719 408 1756 τοῦτο
456 1715 687 1770 πολλαχοῦ
734 1713 815 1756 καὶ
854 1714 1103 1767 Σοφοκλῆς
1145 1712 1223 1754 καὶ
1258 1708 1584 1768 Ἀριστοφάνης
1621 1713 1700 1755 καὶ
1741 1713 1965 1769 διάφοροι

276 1778 432 1834 ἕτεροι.
498 1779 577 1822 διὰ
625 1787 739 1836 γοῦν
778 1779 830 1823 τὸ
878 1777 1214 1834 ἐπισημότατον
1253 1775 1375 1821 εἶναι
1422 1779 1501 1820 καὶ
1549 1785 1636 1822 νῦν
1678 1780 1787 1834 ἡμῖν
1826 1778 1963 1836 χάριν

275 1843 650 1902 παραδείγματος
681 1846 904 1903 εἴληπται.
1333 1875 1349 1892 0

208 1926 251 1958 25
398 1912 500 1955 Εἰσὶ
535 1912 586 1957 δὲ
625 1914 705 1956 καὶ
739 1913 789 1957 ἐν
819 1914 965 1972 τούτῳ
1004 1915 1067 1971 τῷ
1105 1909 1251 1971 μέτρῳ
1290 1910 1550 1967 μονόμετρά
1580 1929 1628 1956 τε
1660 1914 1739 1956 καὶ
1773 1910 1963 1968 δίμετρα

277 1978 355 2019 καὶ
409 1976 624 2035 τρίμετρα
678 1981 758 2023 καὶ
811 1979 1112 2036 τετράμετρα,
1167 1978 1478 2033 καταληκτικὰ
1525 1980 1604 2022 καὶ
1651 1979 1963 2036 ἀκατάληκτα,

278 2043 691 2102 βραχυκατάληκτα
723 2047 802 2090 καὶ
834 2045 1226 2101 ὑπερκατάληκτα.

395 2110 767 2168 Μονόμετρον
794 2111 877 2168 μὲν
903 2110 987 2156 οὖν
1011 2110 1261 2168 τροχαῑκὸν
1286 2111 1725 2169 βραχυκατάληκτον
1743 2113 1804 2163 ὡς
1827 2120 1961 2158 τοῦτο

542 2175 676 2233 ὕψος.

213 2258 255 2288 30
281 2244 615 2299 καταληκτικὸν
648 2237 699 2288 δὲ

546 2309 776 2354 καλλίπαι.
1512 2364 1515 2366 ,

281 2376 597 2432 ἀκατάληκτον
629 2376 914 2434 μονόμετρον
1994 2387 2060 2443 (20

546 2442 765 2500 βασίλεια.

281 2509 686 2565 ὑπερκατάληκτον

214 2589 256 2619 35
545 2575 784 2632 τληπόνων
817 2585 1004 2620 καινῶν.

283 2642 360 2684 καὶ
393 2641 650 2698 μονόμετρα
684 2643 766 2699 μὲν
798 2651 957 2687 ταῦτα.

400 2706 647 2763 Δι’μετρα
680 2709 745 2763 δέ,
778 2710 1214 2767 βραχυκατάληκτον
1247 2712 1328 2768 μὲν
1360 2713 1410 2756 τὸ

546 2774 765 2819 καλλίπαι
795 2780 941 2820 θεοῖο.

404 2875 454 2911 11
490 2869 558 2927 δὲ]
593 2870 643 2915 δε
675 2875 736 2931 τῷ
763 2873 837 2926 ΡΙ
867 2873 915 2916 ἐν
949 2872 1019 2930 δὲ]
1060 2875 1139 2917 καὶ
1172 2874 1221 2919 ἐν
1254 2877 1419 2930 Κ1128
1451 2875 1534 2932 μὲν
1568 2892 1654 2920 om.
1683 2879 1764 2936 K}
1793 2880 1960 2936 βραχυ-

284 2927 571 2984 κατάληκτον
602 2931 850 2986 τροχαικὸν
885 2933 936 2974 Κ
955 2934 968 2987 ΙΙ
994 2938 1047 2974 35
1082 2941 1253 2984 καινῶς
1287 2939 1457 2989 363,16
