2060 3168
0 1398 4 1409 ’
0 1356 7 1371 -
0 1186 19 1305 „uzwffi'
0 1058 13 1128 ,κι-
0 860 17 1029 [first-¹⁷⁷,
0 782 9 841 «’-’“
0 702 4 710 “

0 1645 23 3168 ᾑι--ΡῊῚ-ν-ππν-,ᾑῊ--ωαψ-μωτνν-Ψκνῖ-ων·ηψπ
0 1596 7 1604 ’
0 1547 7 1575 ⁷
0 1492 6 1527 κ·
0 1434 12 1474 ‘⁷⁹³

543 147 588 187 11
619 147 763 188 ΠΕΡΙ
792 146 916 189 ΤΟΤ
947 146 1248 188 ΙΑΜΒΙΚΟΤ
1278 147 1525 189 ΜΕΤΡΟΤ
1765 146 1869 198 311

186 285 526 348 συντεθῆναι
564 281 662 333 τὸν
698 279 897 348 ἴαμβον
930 279 988 333 ἐκ
1018 282 1273 350 βραχείας
1310 281 1400 333 καὶ
1432 289 1657 350 μακρᾶς,
1689 282 1780 334 διὰ
1811 283 1872 335 τὸ

188 362 287 430 τὴν
340 361 508 429 ὕβριν
563 361 667 415 ἀπὸ
722 363 979 431 βραχείας
1032 360 1342 431 ἀρχομένην
1388 363 1564 424 αἰτίας
1614 364 1690 424 εἰς
1735 362 1873 431 μέγα

189 444 513 510 καταλήγειν
558 445 742 496 κακόν.
817 452 1082 512 μαρτυρεῖ
1119 439 1180 495 δὲ
1218 449 1294 515 τῷ
1336 443 1610 515 λεγομένῳ
1637 441 1872 513 Ὅμηρος

186 522 216 576 ὁ
257 523 575 593 σοφώτατος
615 524 693 595 (A
715 524 825 576 442
839 521 938 594 sq.)

261 604 353 673 ἥτ’
390 605 547 674 ὀλίγη
588 603 690 672 μὲν
727 615 916 675 πρῶτα
953 605 1302 674 κορύσσεται·
1343 605 1516 673 αὐτὰρ
1556 603 1740 659 ἔπειτα
1919 629 1940 662 5

264 687 483 758 οὐρανῷ
518 685 762 755 ἐστήριξε
803 687 939 755 κάρη
979 685 1070 739 καὶ
1111 685 1198 739 ἐπὶ
1234 686 1400 756 χθονὶ
1441 689 1633 754 βαίνει.

186 775 350 821 τοῦτο
399 765 460 821 δὲ
507 769 567 821 τὸ
623 767 824 837 μέτρον
871 768 973 821 οὐκ
1019 762 1136 820 εἷπε
1182 769 1510 835 Διονύσιος,
1565 767 1680 822 ἀλλ’
1720 770 1874 838 ἡμεῖς

186 850 279 902 διὰ
316 851 416 918 τὴν
454 859 566 902 τῶν
603 848 747 902 νέων
788 849 1060 918 ὠφέλειαν
1098 852 1534 919 προσεθήκαμεν.

399 1011 664 1082 Ἑτέρως
702 1010 849 1080 περὶ
888 1020 1002 1065 τοῦ
1046 1014 1356 1081 ῑαμβικοῦ
1395 1012 1647 1082 μέτρου.

297 1115 345 1168 3.
414 1116 597 1178 Πόδες
653 1117 910 1184 ἰαμβικοῦ
966 1114 1168 1185 μέτρου
1224 1115 1299 1179 ἕξ·
1362 1115 1581 1185 ἴαμβος,
1643 1126 1871 1187 χορεῖος,
1897 1140 1939 1173 10

184 1198 494 1264 σπονδεῖος,
536 1197 821 1265 δάκτυλος,
862 1197 1214 1265 ἀνάπαιστος,
1253 1201 1556 1267 πυρρίχιος.

295 1279 344 1330 4.
383 1282 683 1347 Μετρεῖται
725 1276 785 1331 δὲ
825 1278 853 1331 ὁ
895 1281 1088 1346 ἰάμβος
1127 1280 1262 1331 κατὰ
1295 1279 1572 1346 διποδίαν,
1613 1280 1752 1333 ὅθεν
1782 1278 1872 1333 καὶ

182 1362 468 1429 τρίμετρος
515 1359 742 1428 λέγεται.
820 1359 1030 1429 δέχεται
1079 1359 1144 1413 δέ
1184 1380 1270 1413 τοι
1316 1361 1488 1423 πόδας
1529 1360 1589 1413 έν
1627 1369 1742 1424 ταῖς
1781 1380 1873 1414 πε-

183 1450 389 1510 ριτταῖς
435 1443 659 1510 χώραις,
707 1444 885 1510 ἤγουν
930 1443 1115 1511 πρώτῃ
1163 1440 1252 1494 καὶ
1300 1443 1453 1511 τρίτῃ
1505 1443 1594 1495 καὶ
1641 1442 1871 1513 πέμπτῃ,

185 1522 420 1591 [δέχεται
469 1523 552 1592 δὲ]
600 1523 805 1585 πάντας
844 1523 1159 1593 ἀδιαφόρως
1210 1524 1373 1592 χωρὶς
1411 1531 1509 1576 τοῦ
1549 1526 1869 1594 πυρριχίου·
1897 1547 1937 1579 15

183 1603 246 1656 ἐν
286 1601 345 1656 δὲ
385 1612 502 1666 ταῖς
549 1603 783 1674 ἀρτίαις,
831 1606 1007 1673 ἤγουν
1047 1603 1276 1675 δευτέρᾳ
1316 1603 1405 1657 καὶ
1446 1606 1695 1675 τετάρτῃ,
1743 1609 1872 1668 τοὺς

183 1685 289 1738 ἀπὸ
329 1687 584 1754 βραχείας
620 1684 959 1755 ἀρχομένους
997 1685 1086 1738 καὶ
1119 1687 1310 1755 μόνον,
1350 1685 1514 1756 χωρὶς
1545 1694 1644 1739 τοῦ
1676 1705 1873 1757 πυρρι-

182 1768 328 1836 χίου·
370 1766 430 1820 ἐν
471 1766 529 1819 δὲ
570 1775 632 1837 τῇ
674 1767 798 1837 ἕκτῃ
838 1769 988 1838 χώρᾳ
1029 1767 1240 1837 δέχεται
1278 1771 1574 1838 πυρρίχιον
1606 1769 1638 1838 ἢ
1672 1771 1873 1836 ἴαμβον

183 1849 277 1901 διὰ
315 1849 415 1916 τὴν
455 1847 806 1919 ἀδιαφορίαν.

463 2013 621 2082 Περὶ
662 2014 1083 2081 χαρακτήρων
1121 2020 1236 2065 τοῦ
1278 2015 1602 2079 ιάμβικοῦ.
1895 2036 1938 2067 20

296 2115 344 2167 5.
394 2119 503 2168 Τοῦ
545 2113 604 2168 δὲ
646 2117 903 2182 ἰαμβικοῦ
935 2115 1138 2186 μέτρου
1171 2115 1504 2185 χαρακτῆρές
1543 2118 1648 2168 εἰσι
1680 2115 1870 2169 τέσσα-

183 2216 290 2267 ρες,
332 2191 454 2250 οἷον
492 2199 764 2266 τραγικός,
804 2199 1058 2265 κωμικός,
1098 2199 1407 2266 σατυρικός,
1450 2199 1713 2266 ἰαμβικός.

281 2277 458 2331 ’Ίδιον
513 2276 572 2331 δὲ
626 2286 889 2346 τραγικοῦ
943 2279 1003 2330 τὸ
1059 2277 1117 2331 ἐκ
1165 2279 1474 2331 σπονδείων
1521 2279 1609 2330 καὶ
1659 2279 1870 2348 ἰάμβων

182 2365 538 2428 συγκεῖσθαι,
587 2360 761 2412 ἐνίοτε
809 2357 868 2411 δὲ
919 2360 1008 2412 καὶ
1048 2358 1102 2423 ἐξ,
1145 2358 1266 2422 ἑνὸς
1304 2360 1699 2428 τρισυλλάβου,
1748 2353 1870 2413 οἷον

257 2442 370 2509 ἥκω
411 2442 549 2503 Διὸς
588 2451 715 2502 παῖς
754 2442 917 2508 τήνδε
961 2443 1210 2509 Θηβαίαν
1250 2443 1429 2509 χθόνα
1895 2462 1936 2494 25

260 2524 561 2589 Διόνυσος,
613 2522 679 2575 ὃν
726 2525 893 2574 τίκτει
933 2521 1076 2574 ποθ’
1114 2523 1146 2591 ἡ
1188 2523 1420 2588 Κάδμου
1461 2523 1594 2590 κόρη
1637 2520 1787 2592 (Eur.

1248 2603 1438 2656 Bacch.
1470 2600 1539 2673 1).

305 2679 328 2717 7
361 2674 418 2717 cf.
453 2675 578 2717 LdM
604 2679 628 2717 6
654 2677 667 2730 ΙΙ
693 2679 745 2717 21
781 2675 865 2717 An.
893 2674 1014 2719 Chis.
1048 2690 1091 2731 p.
1121 2679 1175 2718 26

305 2782 356 2820 13
393 2794 464 2821 τοι
498 2778 567 2821 Ps.
594 2778 760 2834 Heph.‚
798 2778 906 2827 τοὺς
938 2779 1000 2831 Ρ;
1043 2778 1244 2822 debebat
1283 2778 1483 2822 scribere
1524 2775 1825 2835 δισυλλάβους
1854 2777 1869 2836 ΙΙ

182 2840 374 2944 {agl}
391 2838 642 2894 περιτταῖς]
676 2844 796 2892 τρεῖς
827 2839 872 2881 Ρ
921 2839 936 2893 ΙΙ
993 2842 1044 2880 15
1078 2840 1118 2882 δ.
1154 2838 1193 2882 δ.
1228 2851 1314 2880 om.
1342 2837 1413 2880 Ps.
1442 2837 1589 2892 Heph.
1636 2838 1651 2892 ΙΙ
1699 2842 1752 2881 16
1786 2837 1869 2892 ἀρ-
