2060 3168
158 1098 198 1130 10

157 1506 198 1537 15

158 1911 200 1943 20

223 209 332 260 224
675 209 984 251 ΓΕῼΡΓΙΟΤ
1015 209 1453 251 ΧοῖΡοΒοΣΚοΤ

223 346 452 413 λήκτων,
493 345 577 397 ὅτι
611 343 1096 414 βραχυκατάληκτά
1135 341 1301 410 ἐστιν,
1343 344 1444 396 ὅσα
1479 345 1614 396 κατὰ
1646 344 1907 396 διποδιάν

221 427 564 495 μετρούμενα
603 427 889 478 λείπουσιν
927 423 1138 477 τέλειον
1177 424 1392 477 ἁπλοῦν
1431 424 1527 478 ἕνα
1565 426 1733 494 πόδα,
1785 419 1906 478 οἷον

224 507 308 560 ἐπὶ
365 508 566 576 ἰάμβου
615 504 774 576 (κατὰ
823 506 1084 558 ὃιποδίαν
1129 507 1233 574 γὰρ
1282 515 1578 575 μετρεῖται,
1634 507 1772 559 ὅθεν
1815 505 1906 559 καὶ

222 591 505 655 τρίμετρος
545 584 905 656 ὀνομάζεται),
945 587 1035 639 καὶ
1075 585 1247 655 φησὶν
1283 586 1311 639 ὁ
1351 589 1596 656 τεχνικὸς
1633 587 1694 640 τὸ
1735 587 1907 657 παρά-

223 671 417 738 ὃειγμα

369 747 454 817 ἄγ’
495 745 610 801 αὖτ’
652 747 706 811 ἐς
745 742 899 801 οἷκον
937 750 1036 802 τὸν
1075 752 1429 818 Κλεησίππω·

224 830 466 884 ἐνταῦθα
505 831 608 898 γὰρ
648 830 709 882 τὸ
745 830 983 882 ‘olnam'
1000 830 1122 882 ἀντὶ
1159 830 1288 899 ὅλης
1329 832 1582 900 ἰαμβικῆς
1620 839 1791 885 κεῖται
1825 833 1906 884 δι-

222 913 432 974 ποδίας.

333 994 473 1063 Περὶ
528 993 1033 1062 ὑπερκαταλήκτων.
1121 991 1238 1063 (14,
1270 991 1329 1064 4)
1384 994 1553 1046 πάλιν
1605 994 1908 1063 ὑπερκατα-

223 1079 391 1143 ληκτα
444 1078 688 1127 καλεῖται
741 1073 934 1143 μέτρα,
992 1075 1094 1127 ὅσα
1147 1075 1286 1143 πρὸς
1333 1083 1449 1137 τοῖς
1495 1078 1723 1138 τελείοις
1776 1073 1906 1128 ποσὶ

224 1158 467 1227 συλλαβῇ
523 1164 622 1209 τοῦ
671 1155 977 1224 ὡρισμένου
1033 1155 1237 1224 μέτρου
1287 1157 1730 1225 περιττεύουσιν,
1785 1149 1908 1209 οἷον

223 1237 310 1291 ἐπὶ
353 1239 610 1305 ἰαμβικοῦ
651 1235 788 1307 (ἔστι
831 1233 891 1289 δὲ
934 1237 1192 1306 δίμετρον
1231 1239 1367 1290 κατὰ
1407 1237 1693 1309 ὃιποὸίαν)

371 1312 484 1386 εἶμ’
524 1317 661 1371 ὥστ’
700 1318 803 1371 άπὸ
853 1318 1114 1370 πυσσάλω
1159 1323 1396 1371 λυθεῖσα
1436 1318 1522 1390 (fr.
1554 1320 1651 1388 lyr.
1684 1318 1906 1390 adcsp.)·

223 1399 330 1470 ἔχει
370 1401 473 1469 γὰρ
514 1401 614 1468 τὴν
651 1403 725 1452 ὦ
764 1400 1047 1467 συλλαβὴν
1095 1401 1540 1466 περιττεύουσαν.
1618 1399 1670 1470 (ὃ
1713 1398 1773 1453 δὲ
1811 1400 1907 1453 θέ-

225 1487 305 1535 λει
345 1484 536 1549 εἰπεῖν,
577 1483 835 1534 τοιοῦτόν
875 1479 1011 1533 ἐστι·
1063 1482 1366 1549 πορεύομαι
1406 1483 1587 1551 ὥσπερ
1628 1482 1733 1534 ἀπὸ
1773 1497 1907 1535 πασ-

223 1565 396 1616 σάλου
444 1567 694 1615 λυθεῖσα.
770 1564 1056 1615 πύσσαλον
1107 1563 1210 1631 γάρ
1260 1579 1396 1633 φησι
1442 1563 1542 1615 τὸν
1586 1562 1907 1634 πάσσαλόν).

225 1646 457 1696 δύναται
506 1644 566 1696 δὲ
614 1637 754 1696 εἶναι
802 1644 1249 1713 ὑπερκατάληκτα
1294 1643 1385 1697 καὶ
1441 1645 1544 1697 δύο
1592 1648 1907 1713 συλλαβαῖς,

224 1726 356 1778 ὅταν
395 1727 447 1778 οἱ
486 1726 651 1786 πόδες
690 1728 1047 1794 τρισύλλαβοι
1087 1723 1247 1793 ὦσιν,
1301 1719 1422 1778 οἶόν
1462 1740 1597 1795 φησι
1636 1727 1697 1779 τὸ
1736 1727 1908 1796 παρά-

225 1809 419 1875 ὃειγμα

372 1886 467 1940 ἅδ’
490 1885 733 1957 Ἄρτεμις
773 1885 813 1940 ὦ
853 1891 1011 1956 κόραι
1051 1886 1303 1958 (Telesill.
1335 1886 1404 1959 1).

226 1971 338 2022 ἔστι
387 1965 446 2021 δὲ
487 1970 547 2021 τὸ
600 1968 800 2038 μέτρον
848 1969 1243 2022 άναπαιστικὸν
1290 1969 1348 2022 ἐκ
1397 1971 1498 2023 δύο
1545 1972 1759 2039 ποδῶν,
1806 1979 1905 2024 τοῦ

223 2052 445 2115 πρώτου
486 2051 783 2103 σπονδείου
826 2052 1299 2117 ἰσοδυναμοῦντος
1338 2051 1667 2123 ἀναπαίστῳ.
1739 2050 1907 2122 (εἴρη-

224 2152 312 2185 ται
359 2133 462 2200 γὰρ
509 2133 796 2200 πολλάκις,
845 2133 927 2184 ὅτι
973 2133 1005 2200 ἡ
1053 2133 1232 2202 μακρὰ
1274 2133 1594 2197 ἰσοδυναμεῑ
1634 2133 1735 2185 δύο
1775 2135 1907 2202 βρα-

225 2217 394 2282 χείαις
435 2211 773 2284 συλλαβαῖς).
850 2221 1013 2266 τοῦτο
1062 2215 1164 2283 γὰρ
1212 2215 1350 2282 πρὸς
1388 2221 1452 2282 τῇ
1493 2212 1770 2285 ὁλοκλήρῳ
1812 2229 1907 2266 συ-

344 2334 398 2372 14
432 2328 606 2371 soh01.A
633 2332 730 2382 114,
751 2333 863 2372 7—9

344 2430 365 2467 1
402 2424 518 2467 εἰσὶν
555 2425 598 2468 U
635 2426 650 2480 11
693 2429 716 2466 2
749 2421 986 2468 λείπουσιν
1017 2427 1124 2481 post
1155 2424 1279 2470 πόδα
1311 2440 1417 2481 pon.
1444 2427 1499 2470 K
1543 2428 1548 2481 Ι
1599 2423 1700 2469 οἷον
1733 2427 1793 2477 ὡς
1827 2428 1870 2471 U
1894 2429 1906 2482 ΙΙ

226 2489 249 2526 3
276 2484 493 2540 ἰαμβικοῦ
511 2483 696 2538 Η6Ρ11.Ι
724 2483 811 2540 γὰρ
839 2492 1067 2539 μετρεῖται
1091 2499 1177 2527 om.
1194 2487 1248 2528 K
1266 2487 1280 2541 ΙΙ
1305 2491 1331 2527 4
1355 2485 1405 2528 τὸ
1425 2499 1511 2527 om.
1531 2485 1575 2528 U
1592 2486 1606 2540 ΙΙ
1632 2489 1655 2526 6
1682 2486 1767 2528 ἀντ
1774 2483 1903 2540 ’.(0111

226 2543 285 2598 ἐς)
322 2544 365 2587 U
399 2543 404 2600 1
443 2541 706 2598 κλεησίππω
741 2544 794 2586 K
827 2543 997 2586 litteris
1030 2547 1165 2599 κλεησ
1198 2558 1224 2586 a
1257 2545 1311 2587 K
1322 2544 1365 2587 ¹?
1398 2543 1682 2587 correctione
1714 2543 1907 2598 effectis

224 2599 495 2658 καλησίππω
522 2603 564 2645 U
583 2604 596 2658 ΙΙ
624 2607 646 2644 7
673 2600 759 2657 γὰρ
787 2616 872 2644 om.
903 2603 955 2644 K
973 2605 987 2659 Η
1012 2608 1036 2645 9
1062 2602 1252 2645 titulum
1287 2603 1391 2646 add
1413 2602 1528 2647 K2
1515 2618 1563 2645 1n
1588 2616 1695 2657 mg.
1729 2617 1814 2645 om
1839 2605 1881 2646 ζ

227 2666 279 2702 10
311 2668 408 2711 τοῖς
439 2675 526 2703 om.
556 2662 610 2704 K
639 2663 652 2716 ΙΙ
691 2666 742 2702 11
779 2663 976 2734 συλλαβῇ
1010 2662 1244 2715 ΗοοτεοΙι,
1278 2661 1505 2719 συλλαβὴν
1539 2661 1670 2703 codd.
1703 2663 1717 2717 ΙΙ
1750 2667 1803 2704 12
1835 2679 1905 2705 τε-

224 2719 477 2775 τράμετρον
509 2718 728 2764 κατιδίαν
761 2717 861 2762 οἷον
886 2721 961 2776 ΠΗ
989 2725 1040 2763 13
1068 2723 1128 2770 ὡς
1163 2720 1230 2777 ΠΙ
1259 2723 1415 2764 λυεῖσα
1442 2722 1496 2764 Κ
1514 2722 1527 2776 ΙΙ
1554 2725 1607 2762 14
1634 2720 1739 2778 γὰρ]
1766 2722 1815 2764 δὲ
1842 2722 1906 2777 U}

228 2783 340 2820 14—
346 2784 398 2820 15
431 2776 559 2822 θέλει
580 2779 758 2849 εἰπεῖν]
791 2777 910 2835 λέγει
942 2781 997 2822 K
1044 2782 1058 2835 Η
1114 2785 1166 2822 15
1201 2778 1350 2832 ὥσπερ
1384 2794 1470 2823 om.
1507 2780 1551 2823 U
1596 2781 1610 2835 Η
1659 2784 1710 2822 17
1745 2782 1905 2823 συλλα-

226 2839 318 2894 βῶν
347 2838 399 2879 K
435 2839 447 2892 ΙΙ
490 2842 541 2879 18
577 2836 686 2880 όταν
718 2837 951 2890 Hoersch.
986 2837 1059 2882 ὅτε
1092 2838 1223 2881 codd.
1263 2841 1277 2895 Η
1325 2843 1378 2880 20
1412 2855 1441 2881 α
1475 2839 1525 2881 δὲ
1561 2840 1606 2882 U
1646 2840 1651 2894 Ι
1701 2836 1817 2893 κόρα
1851 2853 1906 2882 cx

225 2895 389 2997 κζρίαιῗ
422 2909 623 2998 pelelffas
650 2896 758 2939 fact.
787 2898 837 2940 K
858 2899 871 2952 ΙΙ
897 2902 950 2939 23
986 2898 1332 2953 ἰσοδυναμοῦσα
1365 2900 1411 2941 et
1442 2898 1548 2953 post
1580 2902 1636 2939 24
1662 2899 1906 2955 συλλαβαῖς

226 2969 270 2997 a(
367 2952 460 2996 ἐστί

1940 759 1995 799 66
