2090 3158
526 161 547 200 1
564 170 587 201 4
618 159 763 201 ΠΕΡΙ
792 159 1029 201 ΚοΙΝΗΣ
1060 158 1401 200 ΣΤΛΛΑΒΗΣ
1704 158 1805 211 191

115 294 176 347 τὸ
215 301 474 347 τοιοῦτον
521 301 700 362 σχῆμα
738 289 935 361 ἔχοντα
979 293 1139 360 κοινὴ
1187 293 1366 354 λύσις·
1420 293 1504 361 [τὸ
1545 293 1678 346 αὐτὸ
1718 295 1809 346 καὶ

116 373 203 428 ἐπὶ
243 382 338 442 τῆς
375 374 620 442 πέμπτης
666 374 875 443 βάσεως
915 374 1066 426 ἐστὶν
1106 372 1371 427 ἐνταῦθα·
1422 373 1526 427 ἀπὸ
1567 375 1671 443 γὰρ
1712 395 1809 441 μα-

114 464 248 525 κρᾶς
287 456 375 508 καὶ
416 456 520 508 δύο
560 458 837 525 βραχειῶν
869 454 1007 524 ἐστι]
1039 457 1199 524 κοινὴ
1231 457 1335 525 γὰρ
1368 455 1676 524 εὑρίσκεται
1707 464 1807 508 τοῦ

117 537 221 590 ἀπὸ
270 540 520 604 μείζονος
565 538 655 590 καὶ
703 544 804 590 τοῦ
852 535 942 589 ἀπ’
981 535 1280 599 ἐλάσσονος
1321 537 1549 595 ἰωνικοῦ
1589 537 1808 605 μέτρου.

115 619 301 671 οὐσῶν
348 619 450 687 γὰρ
501 619 604 672 δύο
653 628 876 687 μακρῶν
922 616 1013 671 καὶ
1062 618 1164 671 δύο
1211 611 1510 687 βραχειῶν,
1566 617 1662 671 ἐὰν
1708 620 1808 687 τὴν

113 700 338 766 πρώτην
378 699 525 750 λύσω
566 700 782 767 μακρὰν
821 701 899 761 είς
937 699 1040 752 δύο
1081 702 1353 768 βραχείας,
1392 700 1425 768 ἡ
1463 701 1623 769 κοινὴ
1663 703 1808 768 γίνε-

114 800 202 832 ται
243 781 415 842 λύσις.
492 781 583 833 καὶ
622 781 954 834 τούναντίον
994 782 1071 843 εἰς
1114 782 1174 834 τὸ
1217 780 1318 834 ἀπ’
1357 781 1672 848 ἐλάσσονος,
1713 781 1809 834 ἐὰν

115 863 172 914 αἱ
213 862 316 914 δύο
355 863 606 930 βραχεῖαι
646 863 723 922 εἰς
769 864 902 928 μίαν
941 860 1260 916 συνέλθωσι
1297 864 1512 930 μακράν
1552 863 1607 932 [ἡ
1647 865 1806 932 κοινὴ

115 946 323 1012 γίνεται
378 944 558 1013 λύσις]
613 945 703 997 καὶ
758 945 859 1012 τὴν
914 943 1180 1013 δευτέραν
1232 946 1446 1013 μακρὰν
1493 952 1592 998 τοῦ
1642 959 1808 998 σπον-

115 1027 270 1079 δείου
314 1026 484 1088 ποδὸς
533 1026 804 1094 διαλύσω,
850 1026 910 1079 τὸ
952 1026 1085 1078 αὐτὸ
1129 1035 1306 1095 σχῆμα
1346 1028 1640 1079 δείκνυται.
1717 1027 1807 1079 καὶ

115 1109 207 1160 διὰ
246 1115 410 1161 τοῦτο
450 1109 609 1176 κοινὴ
651 1108 809 1170 λύσις
847 1109 1330 1176 προσαγορεύεται.
1363 1140 1434 1145 —
1470 1110 1666 1160 Πόθεν
1705 1104 1808 1160 οὖν

115 1190 304 1258 δῆλον,
346 1189 431 1243 ὅτι
472 1191 697 1243 ἰωνικόν
736 1188 888 1243 ἐστιν
919 1189 1023 1242 ἀπὸ
1056 1193 1327 1259 μει’ζονος;
1368 1189 1600 1259 λέγομεν
1633 1191 1716 1243 ὅτι
1749 1189 1808 1243 ἐκ

113 1279 208 1339 τῆς
263 1270 522 1339 δευτέρας
581 1271 671 1324 καὶ
730 1274 914 1340 τρίτης
977 1273 1236 1338 συζυγίας
1290 1272 1659 1341 ὡμολόγηται,
1723 1272 1807 1325 ὄτι

115 1352 317 1406 ἐκεῖναι
357 1352 462 1405 ἀπὸ
503 1361 710 1421 μακρᾶς
743 1354 1025 1421 ἄρχονται·
1065 1353 1098 1421 ἡ
1132 1349 1191 1405 δὲ
1223 1353 1403 1421 μακρὰ
1434 1352 1661 1422 ἀρκτική
1693 1353 1807 1406 ἐστι

113 1442 213 1487 τοῦ
270 1434 375 1487 ἀπὸ
430 1437 679 1501 μείζονος
735 1436 978 1487 ίωνικοῦ.
1032 1465 1104 1471 ———
1143 1431 1336 1486 ’Έστιν
1384 1430 1488 1487 οὖν
1533 1443 1697 1487 τοῦτο
1745 1436 1805 1487 τὸ

113 1515 316 1585 μέτρον
359 1517 583 1569 ἰωνικὸν
626 1515 730 1568 ἀπὸ
777 1518 1027 1582 μείζονος
1065 1516 1429 1584 τετράμετρον
1467 1517 1807 1585 βραχυκατά-

115 1601 331 1665 ληκτον.
407 1598 772 1666 τετράμετρον
820 1596 883 1650 δέ
931 1595 1046 1650 ἐστι
1099 1597 1642 1665 βραχυκατάληκτον,
1691 1596 1806 1650 ἐπεὶ

114 1677 380 1746 τέσσαρας
417 1680 592 1741 πόδας
631 1682 739 1747 ἔχει
779 1679 1255 1747 τετρασυλλάβους
1290 1679 1436 1747 παρὰ
1470 1679 1572 1731 δύο
1607 1682 1806 1731 συλλα-

114 1761 215 1828 βάς
264 1758 374 1830 (διὸ
430 1761 520 1812 καὶ
575 1761 1095 1830 βραχυκατάληκτον
1142 1758 1402 1830 λέγεται)·
1457 1757 1573 1812 ἔστι
1622 1761 1724 1828 γὰρ
1773 1762 1805 1829 ἡ

113 1843 300 1910 πρώτη
343 1845 573 1908 συζυγία
610 1842 1057 1909 πεντασύλλαβος
1090 1839 1248 1912 (κατὰ
1280 1842 1540 1894 διποδιάν
1580 1842 1684 1911 γὰρ
1716 1862 1805 1908 με-

115 1921 371 1992 τρεῖται),
412 1922 470 1975 ἐκ
509 1931 605 1991 τῆς
641 1931 830 1991 κοινῆς
870 1923 1078 1985 λύσεως
1116 1923 1214 1975 τὸν
1253 1932 1474 1990 πρῶτον
1512 1924 1655 1975 πόδα
1693 1943 1807 1992 τρι-

115 2005 397 2073 σύλλαβον
450 2002 668 2074 ἔχουσα.
716 2036 786 2041 -
838 2002 983 2056 Ἀλλ’
1035 2004 1067 2072 ἡ
1130 2004 1342 2073 πέμπτη
1406 2005 1652 2072 συλλαβὴ
1715 2006 1806 2057 διὰ

116 2094 439 2162 διφθόγγου
482 2094 751 2161 γράφεται
783 2093 815 2161 ἡ
855 2085 962 2160 RE,
1002 2093 1091 2145 καὶ
1132 2094 1284 2146 δοκεῖ
1323 2089 1466 2146 εἶναι
1504 2094 1564 2146 τὸ
1604 2092 1807 2163 μέτρον

114 2177 308 2243 χωλόν.
371 2174 508 2227 ἀλλὰ
548 2175 899 2241 λαμβάνομεν
931 2174 1104 2242 αὐτὴν
1138 2176 1349 2243 κοινήν,
1391 2176 1674 2242 λήγουσαν
1705 2171 1806 2241 μὲν

115 2254 239 2327 (τὴν
279 2258 579 2324 συλλαβήν,
619 2256 686 2308 οὐ
726 2257 833 2324 μὴν
865 2256 965 2324 τὴν
1004 2253 1174 2327 λέξιν)
1216 2259 1292 2319 εἰς
1324 2263 1549 2324 φωνῆεν
1584 2254 1673 2308 καὶ
1706 2258 1806 2324 τὴν

237 2421 258 2458 1
293 2416 428 2473 κοινὴ
461 2416 605 2474 λύσις]
642 2415 696 2459 cf.
733 2415 874 2459 schol.
900 2416 1035 2461 Pind.
1062 2415 1131 2460 Ol.
1157 2417 1177 2459 I
1208 2432 1253 2473 p.
1283 2422 1351 2470 12,
1370 2421 1423 2459 21

236 2562 258 2598 1
284 2557 428 2614 λύσις]
454 2556 571 2608 λέξις
589 2558 642 2600 K
654 2560 667 2612 ΙΙ
688 2562 708 2598 1
735 2556 787 2600 τὸ
814 2556 995 2600 αὐτὸ-
1005 2562 1030 2599 3
1050 2556 1143 2600 ἐστι
1161 2557 1311 2602 delevi
1328 2559 1341 2613 ΙΙ
1360 2562 1384 2601 3
1403 2560 1510 2613 post
1535 2557 1626 2601 ἐστι
1647 2557 1752 2601 add.
1768 2558 1812 2602 U

116 2614 327 2659 ἐνταῦθα
356 2618 361 2671 Ι
390 2616 553 2660 κοινὸν
586 2616 628 2659 U
659 2619 664 2670 Ι
700 2629 785 2671 pro
815 2622 898 2659 τοῦ
931 2615 1003 2659 bis
1034 2617 1086 2660 τὸ
1122 2617 1165 2661 U
1189 2619 1203 2673 ΙΙ
1235 2623 1261 2660 4
1294 2615 1460 2672 μέτρου
1494 2617 1685 2660 ἰωνικοῢ
1710 2617 1804 2660 Κ

116 2678 140 2717 6
173 2675 381 2747 πρώτην]
414 2674 525 2730 μίαν
558 2676 613 2718 Κ
646 2677 660 2731 ΙΙ
702 2679 725 2717 7
760 2675 826 2726 εἰς
856 2675 928 2732 τὸ]
962 2674 1048 2718 εἰσι
1080 2676 1159 2719 καὶ
1194 2677 1246 2720 Κ
1288 2678 1293 2731 Ι
1337 2675 1439 2733 ἐὰν]
1474 2675 1557 2720 ἐὰν
1590 2675 1677 2731 γὰρ
1711 2677 1791 2723 Κ

115 2738 140 2775 8
174 2733 201 2789 ἡ
224 2760 275 2765 —-
297 2737 321 2776 9
354 2733 482 2784 λύσις
514 2734 666 2777 delevi
690 2736 704 2790 ΙΙ
730 2739 754 2777 9
788 2735 896 2778 ante
927 2733 1012 2790 τὴν
1044 2734 1091 2777 in
1118 2736 1172 2779 K
1199 2735 1240 2780 εἰ
1272 2748 1412 2791 supra
1445 2734 1523 2778 lin
1550 2737 1564 2790 ΙΙ
1592 2739 1645 2777 13
1671 2738 1804 2788 συζυ-

114 2790 218 2849 γίας
257 2793 335 2836 καὶ
373 2792 530 2849 τρίτης
562 2794 616 2837 K
657 2795 670 2850 ΙΙ
728 2797 781 2835 14
822 2793 1016 2851 ἐκεῖναι]
1056 2795 1251 2838 κάκεῖνα
1284 2795 1338 2838 Κ
1386 2796 1400 2850 ΙΙ
1456 2799 1509 2837 15
1551 2790 1635 2837 οὖν
1667 2802 1804 2839 τοῦτο

115 2863 202 2895 om.
238 2852 281 2895 U
320 2854 334 2907 ΙΙ
383 2856 435 2894 18
468 2851 617 2909 παρὰ]
651 2853 758 2907 περὶ
789 2852 840 2896 δὲ
875 2853 919 2896 U
961 2852 967 2910 Ι
1016 2853 1406 2910 τετρασυλλάβους
1438 2855 1543 2908 post
1577 2853 1805 2912 συλλαβάς

113 2910 248 2965 ponit
280 2911 366 2967 ΚΙΙ
393 2915 445 2953 19
479 2911 558 2954 καὶ
591 2913 637 2954 et
669 2909 846 2968 λέγεται
879 2925 965 2954 om.
1003 2913 1076 2967 ΠΙΙ
1101 2917 1155 2955 21
1189 2919 1271 2968 τῆς
1302 2926 1388 2956 om.
1417 2913 1470 2955 Κ

1834 1049 1877 1080 10

1832 1456 1876 1488 15

1831 1865 1876 1896 20

1831 2279 1875 2310 25
