2060 3168
1958 0 2060 175 ι

243 219 353 271 214
697 219 1006 260 ΓΕῼΡΓῙΟΤ
1037 219 1476 261 ΧοΙΡοΒοΣΚοΤ
2039 178 2060 284 3

242 360 411 422 θεῶν,
453 352 558 422 ἀφ’
597 349 663 406 οὗ
703 354 792 406 καὶ
832 353 1129 405 σπονδεῖον
1169 354 1247 405 ἔτι
1285 353 1376 405 καὶ
1415 360 1522 406 νῦν
1560 352 1722 422 μέλος
1760 366 1930 422 προσ-

244 440 435 488 αυλεϊν
475 435 698 504 λέγουσι
736 444 850 496 τοῖς
891 435 1070 501 ἱεροῖς.

349 515 405 568 Ὁ
461 518 522 569 δὲ
574 518 878 585 τροχαῖός
930 514 1100 585 ιἐστιν
1155 515 1212 567 ἐκ
1265 523 1472 585 μακρᾶς
1520 515 1611 568 καὶ
1656 516 1929 585 βραχείας,

244 599 588 668 τρίχρονοςῌ
642 597 784 650 οὕτω
848 599 1100 665 κληθείς,
1159 595 1345 664 ἐπειδὴ
1403 595 1930 666 ὃιατετροχασμένην
2056 587 2060 647 Ι

200 699 218 732 5
244 678 333 731 καὶ
380 682 642 747 τροχαίαν
688 677 748 730 ἐν
794 686 858 747 τῇ
902 686 1206 747 κατασκευῇ
1246 678 1345 746 τὴν
1386 678 1765 747 ῥυθμοποιίαν
1803 675 1930 746 ἔχει,
2056 650 2060 766 Ι

245 761 336 813 διὰ
376 761 436 812 τὸ
479 761 579 828 τὴν
617 761 831 828 μακρὰν
871 758 1175 828 ἐπιτρέχειν
1208 758 1288 811 ἀεὶ
1323 767 1387 828 τῇ
1421 761 1648 829 βραχείᾳ
1680 757 1768 811 καὶ
1802 758 1931 811 ἀνά-

241 845 410 893 παλιν
450 843 551 909 τὴν
590 844 853 909 βραχεῖαν
893 838 1123 892 ἕπεσθαι
1164 849 1228 909 τῇ
1268 849 1462 910 μακρᾷ.

338 921 601 990 Ἴαμβος
648 920 707 974 δ’
745 920 822 991 ιἐκ
861 923 1118 989 βραχείας
1158 920 1247 973 καὶ
1287 930 1513 989 μακρᾶς,
1553 923 1931 992 <τρίχρονος>]

243 1003 452 1071 εἴρηται
492 1005 613 1071 ἤτοι
655 1003 759 1055 ἀπὸ
793 1001 1012 1069 Ἰάμβης
1043 1009 1137 1069 τῆς
1169 1005 1381 1055 Κελεοῦ
1413 1006 1774 1072 θεραπαίνης,
1815 1003 1932 1070 ἥτις

178 1104 219 1136 10
243 1086 344 1152 τὴν
390 1086 657 1152 Δήμητρα
708 1083 1062 1151 λυπουμένην
1108 1085 1379 1152 ἠνάγκασε
1435 1085 1660 1152 γελάσαι
1714 1083 1933 1152 γέλοιόν

243 1186 295 1217 τι
344 1168 599 1234 εἰποῦσα,
647 1172 721 1238 τῷ
764 1165 963 1237 ῥυθμῷ
1004 1166 1204 1218 τούτου
1252 1173 1350 1218 τοῦ
1398 1167 1569 1228 ποδὸς
1616 1166 1933 1232 αὐτομάτως

647 1245 930 1267 ῚῚῚῚῚ
1314 1246 1327 1261 ⁹
1376 1247 1388 1264 Ι
1779 1240 1800 1248 ⁶⁸

242 1327 426 1391 πῶναξ
475 1328 502 1381 ὁ
554 1329 875 1395 ἰαμβοποιὸς
929 1330 1076 1398 παρὰ
1130 1330 1422 1381 θάλασσαν
1475 1326 1596 1396 ἔρια
1642 1329 1932 1399 πλυνούσῃ

244 1411 533 1479 συντυχὼν
595 1412 798 1478 ἤκουσε
860 1418 954 1478 τῆς
1012 1410 1226 1479 σκάφης
1281 1408 1656 1479 ἐφαψάμενος,
1720 1408 1816 1477 ἐφ’
1869 1406 1934 1478 ἧς

175 1509 216 1541 15
241 1488 479 1543 ἔπλυνεν
519 1492 550 1559 ἡ
591 1499 780 1561 γραῦς,

390 1586 666 1656 ἄνθρωπ’,
706 1588 931 1654 ἄπελθε,
970 1588 1071 1655 τὴν
1112 1588 1331 1655 σκάφην
1373 1586 1707 1655 ἀνατρέπεις.

240 1683 329 1735 καὶ
387 1685 680 1750 συλλαβὼν
733 1685 794 1736 τὸ
852 1683 1029 1752 ῥηθὲν
1083 1682 1256 1744 οὕτως
1310 1683 1560 1751 ὠνόμασε
1607 1683 1667 1734 τὸ
1715 1681 1930 1752 μέτρον.
1965 1690 2021 1730 59
2048 1718 2060 1753 f]

243 1766 399 1817 ἄλλοι
456 1765 516 1817 δὲ
570 1765 695 1832 περὶ
751 1772 850 1817 τοῦ
900 1764 1216 1833 χωλιάμβου
1270 1765 1371 1831 τὴν
1427 1766 1675 1832 ἱστορίαν
1727 1765 1934 1831 ταύτην

243 1844 606 1914 ἀναφέρουσι,
647 1847 954 1915 γράφοντες
993 1848 1054 1899 τὸ
1095 1846 1249 1908 τέλος
1288 1854 1388 1898 τοῦ
1429 1848 1618 1913 στίχου

177 1959 219 1990 20
723 1943 824 2010 τὴν
865 1943 1083 2011 σκάφην
1123 1942 1459 2011 ἀνατρέψεις.

360 2135 387 2172 4
421 2131 560 2174 schol.
594 2131 643 2173 in
675 2131 829 2175 Herm
856 2132 979 2175 RhG
1003 2132 1087 2175 VII
1113 2137 1211 2187 982,
1232 2138 1300 2176 15.
1349 2132 1500 2175 OErioh.
1528 2136 1627 2184 262,
1646 2136 1671 2173 3
1707 2133 1721 2187 ΙΙ
1755 2135 1868 2174 15-
1875 2136 1927 2174 19

244 2189 342 2231 cod.
370 2189 519 2232 Palat.
547 2195 631 2234 356
660 2193 710 2245 (s.
736 2191 858 2248 XIV)
884 2191 1094 2235 fol.163V
1122 2189 1308 2249 Ἰάμβης
1338 2191 1478 2245 τινὸς,
1511 2189 1610 2247 ἥτις
1640 2189 1759 2233 κατὰ
1790 2190 1933 2247 τύχην

244 2247 293 2291 ἐν
322 2245 550 2294 Ἐλευσῖνι
582 2251 738 2306 πρώτη
770 2251 822 2294 τὸ
854 2258 936 2294 τοῦ
964 2251 1008 2304 ἐξ
1043 2250 1306 2306 αυτομάτου
1341 2249 1523 2306 ἐξέφερε
1555 2249 1636 2293 τὸν
1662 2251 1933 2324 &foavofmw

239 2307 512 2352 πλύνουσαι
562 2308 708 2364 αὐτην
755 2308 1181 2366 καταμωκησαμένη
1225 2309 1370 2359 ου’τως
1409 2310 1625 2353 εἰποῦσα·
1672 2309 1715 2351 ἀ
1749 2309 1792 2352 ἀ.
1826 2325 1863 2352 τ.
1894 2323 1931 2351 σ.

239 2366 521 2422 ἀνατρέπεις
546 2367 645 2423 ἐμοὶ
670 2383 754 2424 μεν
780 2369 1106 2424 ἀκαταθύμιος
1130 2366 1292 2425 φαίνη.
1329 2369 1462 2425 ἔργον
1488 2368 1538 2411 δὲ
1563 2375 1717 2423 μῶρον
1744 2367 1936 2417 ἐκτελεῖς

244 2425 430 2482 σκάφην
461 2425 655 2481 τρέπων.

366 2608 387 2645 1
423 2602 487 2646 ἔτι
519 2605 616 2662 καὶ]
658 2604 723 2648 ἔτι
757 2605 841 2661 KH
869 2605 936 2663 1s2
971 2607 1247 2659 προσαυλεῖσ
1281 2605 1366 2661 ΚΙΙ
1390 2609 1416 2646 4
1449 2603 1621 2659 ἐκλήθη
1656 2605 1741 2659 ΚΙΙ
1767 2607 1792 2646 5
1824 2619 1930 2656 τρο-

244 2660 383 2718 χαίαν
416 2662 651 2717 Hoerseh„
691 2671 910 2719 τραχεῖαν
944 2664 1076 2707 codd.
1111 2664 1124 2712 ΙΙ
1157 2668 1182 2707 8
1217 2664 1266 2708 ἐκ
1298 2661 1494 2738 βραχέος
1532 2662 1611 2706 καὶ
1642 2669 1821 2717 μακροῦ
1857 2663 1901 2705 U

247 2726 271 2763 9
305 2719 354 2763 ὁε
389 2724 497 2764 ante
530 2721 633 2775 ἤτοι
665 2723 709 2766 U
754 2723 759 2779 Ι
803 2722 904 2776 ἤτοι
936 2723 1048 2780 ἀπὸ]
1082 2740 1110 2778 η
1145 2724 1193 2767 ἐκ
1226 2724 1289 2777 K,
1322 2721 1350 2778 ἢ
1384 2722 1476 2765 ἀπὸ
1511 2720 1680 2764 schoLB
1711 2735 1754 2775 p
1783 2724 1897 2774 28,1
1929 2721 1932 2777 Ι

245 2779 590 2833 θεραπαινίδος
622 2783 676 2825 K
702 2783 715 2838 ΙΙ
752 2786 804 2824 10
838 2781 1076 2854 ὃήμητραν
1109 2783 1151 2825 U
1178 2783 1191 2837 11
1220 2786 1272 2824 12
1308 2779 1493 2835 ἑταίρας
1527 2782 1595 2835 ΠΙ
1623 2773 1650 2837 ᾗ
1684 2796 1776 2823 τινι
1809 2778 1938 2834 παρὰ

244 2840 351 2882 θα).
381 2840 435 2882 Κ
461 2841 474 2894 ΙΙ
502 2845 554 2882 14
590 2841 824 2914 συντυχὼν
851 2838 1083 2892 Ιππώναξ
1117 2840 1397 2897 ἰαμβοποιὸς
1427 2839 1504 2882 καὶ
1536 2845 1618 2893 τῆς
1650 2853 1716 2882 σκ.
1744 2839 1826 2894 ΚΙ
1855 2835 1931 2893 ἐφ’

246 2894 316 2947 οἷς
350 2898 423 2952 ΠΗ
450 2903 502 2940 15
538 2906 680 2954 γραῦς
711 2899 878 2954 ἤκουσε
910 2897 1022 2954 παρ’
1053 2900 1198 2954 αὐτῆς
1222 2901 1293 2952 Κ,
1327 2899 1409 2941 sed
1441 2898 1497 2941 cf.
1532 2897 1702 2942 schol.¹³
1722 2911 1766 2952 p.
1787 2901 1856 2952 28,
1873 2897 1937 2939 7
1923 2916 1937 2954 Ι,

247 2960 302 2999 19
336 2955 645 3016 ἀναφέρουσι]
679 2958 860 3015 λέγουσι
894 2959 975 3013 ΚΙ
1003 2965 1085 3001 τοῦ
1119 2956 1274 3014 στίχου
1308 2972 1395 3000 om
1432 2958 1476 3001 U
