2090 3158
215 153 318 205 158
400 146 402 148 ’
904 156 1137 198 ΣΧΟΛΙΑ
1168 157 1207 197 Α

210 290 481 360 πλασιάσῃ
522 310 620 356 τις,
661 291 729 343 οὐ
769 290 987 351 πάντως
1025 298 1172 342 ποιεῖ
1212 289 1467 359 ἐλεγεῖον.
1530 289 1627 344 ἐὰν
1665 292 1770 360 γὰρ
1802 289 1896 362 ἔχῃ

209 371 269 423 τὸ
310 380 530 440 πρῶτον
568 371 734 440 μέρος
775 373 1090 439 σπονδεῖον,
1131 372 1196 424 οὐ
1231 375 1462 440 γίνεται·
1503 370 1635 426 οὐδὲ
1666 375 1769 443 γὰρ
1803 376 1897 428 δύ-

209 471 368 504 ναται
408 453 578 506 αὐτὸν
617 453 769 515 τάξαι
809 451 869 505 ἐν
901 459 975 524 τῷ
1011 453 1250 525 δευτέρῳ
1282 452 1452 523 μέρει,
1491 454 1562 522 μὴ
1597 455 1895 523 δεχομένου

207 541 307 585 τοῦ
362 533 626 601 δευτέρου
681 533 881 602 μέρους
937 535 1256 587 σπονδεῖον·
1312 533 1408 587 ἐὰν
1456 532 1516 587 δὲ
1570 535 1630 587 τὸ
1677 545 1897 605 πρῶτον

163 633 182 666 5
207 613 371 683 μέρος
418 615 476 667 ἐκ
525 617 812 668 δακτύλων
858 610 918 684 ᾗ,
973 617 1235 668 δυνατόν·
1291 617 1379 668 διὸ
1437 611 1594 669 εἷπον
1641 617 1706 668 οὐ
1761 619 1896 670 πάν-

206 715 325 758 τως.
359 729 430 733 -
463 698 547 749 δεῖ
587 694 647 749 δὲ
687 705 850 754 τοῦτο
892 695 1354 766 ἐπισημήνασθαι,
1394 697 1477 750 ὅτι
1517 695 1613 750 ἐὰν
1645 699 1677 766 ἡ
1716 701 1897 751 τελευ-

206 781 330 829 ταιά
368 785 466 830 τοῦ
509 778 773 846 δευτέρου
812 777 1015 847 μέρους
1055 779 1299 846 συλλαβὴ
1340 781 1566 847 βραχεῖα
1606 784 1714 847 εἰη,
1763 780 1896 832 οὐδὲ

207 858 339 910 αὐτὸ
379 868 526 911 ποιεῖ
565 859 829 926 ἐλεγεῖον·
879 859 1187 929 εὑρίσκεται
1227 861 1331 928 γὰρ
1372 859 1404 927 ἡ
1444 862 1726 912 τελευταία
1767 865 1896 912 συλ-

206 940 344 1007 λαβὴ
394 939 454 992 ἐν
500 947 574 1012 τῷ
617 941 1071 1005 διπλασιάζεσθαι
1111 947 1210 992 τοῦ
1263 942 1483 1006 πρώτου
1523 941 1725 1010 μέρους
1764 945 1893 1012 βρα-

139 1040 180 1071 10
205 1029 343 1088 χεῖα·
393 1021 524 1091 ὅπερ
574 1020 725 1075 ἐστὶν
773 1021 1076 1089 ἀδύνατον,
1125 1023 1173 1074 εἰ
1219 1023 1290 1091 μὴ
1340 1023 1448 1089 ἄρα
1495 1042 1577 1084 τις
1624 1028 1768 1075 εἴποι
1809 1023 1893 1075 ὅτι

203 1107 277 1173 τῷ
313 1104 454 1172 λόγω
497 1111 590 1171 τῆς
628 1107 955 1166 τελευταίας.

316 1185 401 1251 52,
427 1185 494 1236 21
539 1185 570 1253 ἡ
613 1186 714 1252 γὰρ
756 1186 891 1253 τομὴ
930 1193 1028 1238 τοῦ
1060 1185 1280 1254 πρώτου
1313 1191 1757 1254 πενθημιμεροῦς
1791 1185 1893 1238 οὐκ

204 1263 502 1334 ἀπήρτισεν
549 1268 626 1329 εἰς
670 1265 835 1337 μέρος
882 1268 1068 1333 λόγου.
1146 1269 1300 1334 λήγει
1355 1267 1458 1334 γὰρ
1509 1267 1585 1328 εἰς
1631 1268 1690 1319 τὸ
1731 1269 1890 1329 Διός·
1924 1275 2009 1315 208

202 1347 262 1399 τὸ
303 1347 364 1399 δὲ
403 1347 537 1400 ὅλον
575 1347 739 1416 μέρος
780 1351 857 1410 εἰς
895 1349 955 1400 τὸ
997 1349 1511 1417 Διοσκουρίδεω.
1926 1355 2022 1413 [98]

136 1445 178 1479 15
315 1427 400 1497 52,
427 1429 498 1480 24
537 1431 672 1482 κατὰ
706 1430 807 1497 τὴν
838 1429 1061 1497 πρώτην
1094 1429 1482 1482 ἀντιπάθειανε
1522 1429 1708 1497 πρώτη
1744 1429 1889 1481 ἀντι-

201 1509 405 1562 πάθεια
445 1511 477 1579 ἡ
519 1509 576 1563 ἐκ
627 1520 738 1564 τῶν
777 1511 1127 1578 δισυλλάβων
1166 1519 1277 1563 τῶν
1317 1509 1587 1564 ἐναντίων
1626 1511 1892 1572 σύνθεσις

200 1592 335 1657 πρὸς
389 1594 519 1654 τοὺς
574 1593 945 1659 δισυλλάβους
997 1591 1029 1660 ἢ
1080 1590 1139 1644 ἐκ
1183 1593 1588 1660 τρισυλλάβων,
1643 1591 1890 1644 τουτέστι

199 1682 310 1724 τῶν
367 1673 579 1739 ἁπλῶν,
635 1675 767 1726 ὅταν
817 1672 871 1736 ἐξ
921 1673 1291 1742 ἀναστροφῆς
1337 1674 1887 1740 παραλαμβάνωνται,

202 1745 324 1806 οἷον
363 1756 411 1806 εἰ
451 1754 570 1807 ἀντὶ
611 1756 782 1823 <τοῦ>
825 1755 928 1807 ἀπὸ
969 1757 1225 1824 βραχείας
1265 1754 1432 1823 ἀρχῆς
1473 1755 1672 1823 ἰάμβου
1714 1754 1742 1806 ὁ
1783 1753 1887 1806 ἀπὸ

134 1855 176 1886 20
200 1844 409 1905 μακρᾶς
462 1845 716 1905 τροχαῖος
769 1839 1180 1906 παραληφθειή·
1238 1837 1328 1889 καὶ
1385 1836 1503 1888 ἀντὶ
1559 1836 1728 1904 <τοῦ>
1783 1835 1886 1888 ἀπὸ

199 1925 407 1982 μακρᾶς
447 1918 614 1988 ἀρχῆς
654 1919 930 1972 δακτύλου
970 1918 1057 1970 καὶ
1099 1918 1200 1970 δύο
1241 1920 1515 1986 βραχειῶν
1547 1916 1574 1969 ὁ
1612 1916 1715 1969 ἀπὸ
1755 1919 1887 1985 βρα-

200 2000 346 2066 χείας
393 1999 692 2069 ἀρχόμενος
745 2002 997 2068 βακχεῖος
1049 1999 1138 2052 καὶ
1187 1998 1306 2067 ἑξῆς
1354 2002 1492 2068 ἔχων
1540 1999 1640 2050 δύο
1680 1999 1887 2066 μακρὰς

199 2084 603 2149 παραληφθείη.
646 2111 713 2118 -
740 2080 898 2134 ’Ἐστι
945 2078 1005 2133 δὲ
1044 2079 1346 2150 (δευτέρα)
1386 2080 1714 2132 ἀντιπάθεια
1753 2080 1784 2147 ἡ
1826 2078 1886 2131 έν

199 2170 314 2223 τοῖς
362 2161 656 2224 συνθέτοις
695 2161 1039 2226 ἐναντίωσις,
1091 2161 1230 2229 λέγω
1272 2161 1332 2214 έν
1371 2170 1485 2223 τοῖς
1523 2161 1884 2228 τετρασυλλά-

134 2260 173 2291 25
199 2243 337 2311 βοις,
379 2235 501 2296 οἷόν
541 2243 655 2296 ε’στι
695 2245 755 2296 τὸ
797 2243 1239 2296 ἀντισπαστικόν.

310 2324 404 2388 52,
434 2325 506 2376 24
567 2325 791 2393 πρώτην
854 2324 1219 2377 ἀντιπάθειαν
1282 2323 1426 2392 λέγει
1487 2324 1587 2391 τὴν
1649 2321 1710 2375 ἐν
1770 2331 1885 2384 τοῖς

200 2404 391 2467 ἁπλοῖς
429 2408 579 2474 ποσί,
630 2405 877 2459 τουτέστι
916 2416 1031 2468 τοῖς
1071 2405 1426 2473 δισυλλάβοις
1464 2402 1555 2456 καὶ
1595 2403 1883 2471 τρισυλλά-

319 2556 343 2592 5
386 2548 518 2594 εἷπον
555 2551 694 2594 Pauw
729 2553 782 2607 (v.
818 2550 846 2593 1.
877 2554 938 2606 1),
981 2547 1110 2594 εἶπεν
1144 2552 1242 2594 ΙΜ
1292 2553 1305 2606 ΙΙ
1360 2555 1385 2592 8
1427 2547 1682 2603 εὑρίσκεται
1722 2547 1808 2604 γὰρ
1841 2550 1879 2594 Ι,

200 2608 439 2663 εὑρήσεται
473 2611 522 2654 δὲ
557 2612 617 2654 M
659 2612 672 2665 ΙΙ
722 2615 775 2652 19
811 2617 892 2652 τοῦ
935 2610 1039 2652 add.
1066 2609 1275 2664 Westph.
1324 2611 1338 2663 ΙΙ
1386 2614 1439 2651 20
1474 2608 1671 2665 μακρᾶς]
1704 2613 1881 2663 μακροῦ

200 2668 328 2710 codd.
357 2671 369 2723 Η
395 2674 447 2711 21
482 2671 590 2724 posi:
621 2671 847 2727 βραχειῶν
880 2668 1087 2724 Westph.
1124 2668 1288 2711 inserit
1319 2666 1625 2715 ἀνάπαιστος·
1665 2666 1744 2708 καὶ
1778 2666 1882 2709 ἀντὶ

198 2733 279 2769 τοῦ
313 2729 404 2770 ἀπὸ
437 2736 615 2784 μακρᾶς
647 2726 905 2784 ἀρχομένου
938 2729 1016 2770 καὶ
1050 2727 1153 2782 ἑξῆς
1185 2729 1408 2784 βραχεῖαν
1440 2726 1518 2768 καὶ
1543 2723 1726 2780 μακρὰν
1753 2723 1880 2780 ἔχον-

198 2801 275 2835 τος
307 2794 522 2841 κρητικοῦ
570 2791 583 2843 ΙΙ
630 2792 685 2830 23
719 2786 910 2838 δευτέρα
943 2787 1078 2829 inser.
1107 2787 1247 2828 Pauw
1289 2789 1303 2842 ΙΙ
1350 2790 1404 2828 25
1436 2786 1487 2828 τὸ
1521 2783 1880 2827 ἀντισπαστικόκν

200 2844 349 2897 Caes„
389 2846 439 2888 τὸ
474 2845 779 2895 ἀναπαίστοις
810 2847 925 2899 IM,
970 2852 1051 2888 τοῦ
1085 2844 1396 2888 ἀντισπάστου
1430 2844 1546 2903 (καὶ
1575 2849 1657 2886 τοῦ
1691 2841 1880 2899 χοριάμ-

199 2903 319 2962 βου>
354 2904 564 2960 Westph.
591 2907 603 2960 ΙΙ
630 2910 854 2957 26-159,
875 2910 898 2946 3
934 2918 1019 2947 om.
1047 2906 1144 2947 JM
