2090 3158
286 173 388 225 186
735 174 1042 217 ΓΕῼΡΓΙΟΤ
1075 175 1514 218 ΧοΙΡοΒοΣΚοΤ

281 307 672 377 ἐντελέστερον.
710 340 770 346 -—
808 313 983 372 καλῶς
1024 309 1084 361 δὲ
1122 308 1472 378 προσέθηκεν
1510 310 1570 362 τὸ
1610 312 1688 379 μὴ
1730 309 1830 363 ἐπὶ
1870 310 1968 363 τέ-

281 393 433 452 λους
473 389 701 453 λέξεως
741 391 833 442 διὰ
870 392 971 459 τῆν
1011 390 1312 459 λεγομένην
1351 394 1568 459 κοινήν·
1610 390 1706 444 ἐὰν
1744 393 1848 462 γὰρ
1891 394 1970 454 εἰς

278 469 443 538 μέρος
482 470 743 540 ἀπαρτίζῃ
784 473 970 539 λόγου,
1010 478 1085 543 τῷ
1118 481 1213 540 τῆς
1252 481 1443 540 κοινῆς
1478 472 1772 525 ὑποπίπτει
1805 475 1967 545 λόγῳ,

280 555 403 604 οἱον
448 552 480 620 ἡ
529 573 594 605 τα
643 554 887 621 συλλαβὴ
937 555 1161 621 βραχεῖά
1212 552 1350 620 ἐστι,
1405 554 1493 606 καὶ
1536 554 1681 619 ὅμως
1720 553 1781 606 ἐν
1818 557 1966 626 τόπῳ

232 654 252 686 5
276 643 447 685 κεῖται
486 642 694 701 μακρᾶς
731 635 878 701 παρὰ
916 640 991 704 τῷ
1030 642 1245 703 ποιητῇ,
1285 632 1427 687 ἔνθα
1468 635 1602 703 φησὶ
1645 633 1723 705 (Φ
1748 633 1881 706 352)

500 715 566 766 τὰ
603 715 760 805 περὶ
767 716 904 766 καλὰ
946 714 1171 783 ῥέεθρα·

277 794 476 861 ὁμοίως
515 797 603 848 καὶ
643 796 675 863 ἡ
717 815 855 864 προς
895 796 955 848 ἑν
994 803 1068 869 τῷ
1104 795 1315 867 (1147)

497 877 636 946 πρὸς
677 874 834 930 οἷκον
875 881 1117 947 Πηλῆος·

277 959 575 1011 σπονδεῖον
613 960 718 1027 γὰρ
759 958 990 1026 λέγομεν
1020 960 1120 1012 τὸν
1158 961 1302 1012 πόδα
1339 961 1476 1028 πρὸς
1509 957 1575 1013 οἷ.
1603 982 1670 997 -’-
1697 964 1874 1023 καλῶς
1907 962 1968 1014 δὲ

209 1060 251 1092 10
275 1039 442 1091 πάλιν
472 1039 823 1108 προσέθηκεν
854 1042 937 1109 μὴ
973 1040 1295 1110 ὑπάρχειν
1335 1042 1655 1110 σύμφωνα
1694 1044 1966 1095 πλείονα

277 1119 418 1183 ἑνὸς
466 1121 673 1173 ἁπλοῦ
723 1123 815 1174 διὰ
860 1123 961 1190 τὴν
1007 1122 1165 1175 θέσει
1203 1123 1440 1192 μακράν·
1493 1126 1543 1176 εί
1581 1124 1683 1192 γὰρ
1725 1125 1964 1192 συμβαίη

274 1204 465 1271 βραχεῖ
496 1202 528 1270 ἢ
561 1203 956 1275 βραχυνομένςο
990 1207 1266 1272 φωνήεντι
1299 1204 1662 1273 ἐπενεχθῆναι
1695 1205 1797 1256 δύο
1831 1206 1965 1271 σύμ-

275 1303 458 1351 φωνα,
508 1289 614 1337 εἴτε
660 1286 795 1336 κατὰ
835 1285 1109 1353 σύλληψιν
1149 1291 1256 1338 εἴτε
1296 1287 1430 1338 κατὰ
1471 1286 1783 1352 διάστασιν,
1830 1285 1862 1353 ἢ
1904 1287 1965 1339 ἓν

275 1366 528 1434 διπλοῦν,
569 1365 724 1418 θέσει
766 1368 944 1435 μακρὰ
984 1371 1215 1434 γίνεται·
1263 1368 1352 1419 καὶ
1392 1369 1673 1436 πρόδηλον
1711 1368 1771 1419 τὸ
1813 1370 1965 1434 λεγό-

208 1467 247 1499 15
273 1465 455 1513 μενον.

772 1567 932 1634 Περὶ
973 1575 1220 1636 μακρᾶς
1261 1568 1472 1634 φύσει.

385 1669 577 1734 Μακρά
626 1671 762 1723 ἐςτιν
811 1673 1041 1736 ςυλλαβὴ
1093 1672 1124 1734 ἡ
1175 1671 1369 1736 ἔχουςα
1415 1671 1691 1738 <μακρὸν>
1739 1675 1959 1736 φωνῆεν

271 1749 374 1816 <ἢ>
421 1752 788 1815 μηκυνόμενον
835 1754 865 1815 ἢ
916 1754 1037 1816 μίαν
1084 1756 1194 1804 τῶν
1242 1754 1590 1817 καλουμένων
1631 1754 1958 1818 διφθόγγων,

273 1831 444 1884 οὕτως
485 1834 557 1884 ὡς
599 1834 714 1896 ἑξῆς
757 1833 889 1886 εἶναι
930 1835 1222 1899 ςύμφωνον
1261 1834 1378 1897 ἤτοι
1418 1835 1627 1886 τελικὸν
1666 1835 1828 1897 αὐτῆς
1866 1839 1959 1898 τῆς
1993 1841 2047 1880 39
2086 1846 2090 1938 l

205 1934 247 1965 ρο
273 1916 532 1978 ςυλλαβῆς
580 1916 610 1978 ἢ
659 1919 751 1978 τῆς
802 1916 917 1979 ἑξῆς
966 1916 1235 1980 ἀρκτικόν,
1285 1914 1403 1968 οἷον
1451 1917 1544 1979 effi
1591 1917 1715 1978 fassi,
1765 1919 1872 1969 ῆι·
1915 1917 1960 1968 εἰ
2086 1954 2090 1990 1

273 1996 332 2046 δὲ
372 1996 453 2058 μή,
495 1997 592 2047 οὐκ
632 1997 756 2048 εἰςὶν
799 1997 1042 2061 ἄντικρυς
1085 1998 1289 2061 μακραί,
1331 1996 1468 2048 ἀλλὰ
1507 1997 1693 2059 κοιναί,
1735 1997 1807 2049 ῶς
1842 1998 1959 2061 ἑξῆς
2085 1995 2090 2069 j

273 2075 565 2139 ῥηθήςεται.
607 2109 679 2113 -
721 2078 770 2130 U
2083 2082 2090 2175 ἰ

383 2158 575 2222 Μακρὰ
623 2161 852 2223 ςυλλαβή
904 2160 1039 2211 ἐςτιν
1087 2160 1117 2223 ἡ
1167 2160 1362 2224 ἔχουςα
1415 2160 1617 2224 μακρὸν
1666 2164 1885 2224 φωνῆεν
1925 2163 1956 2224 ἢ

272 2240 638 2302 μηκυνόμενον
671 2242 701 2303 ἢ
738 2242 857 2304 μίαν
890 2245 999 2293 τῶν
1032 2243 1379 2305 καλουμένων
1413 2242 1741 2306 διφθόγγων,
1784 2242 1957 2294 οὕτως

204 2341 245 2372 25
272 2320 344 2371 ὡς
386 2320 501 2383 ἑξῆς
543 2320 676 2372 εἶναι
726 2323 1037 2386 ςύμφωνον,
1086 2323 1202 2386 ἤτοι
1251 2323 1460 2374 τελικὸν
1503 2323 1664 2386 αὐτῆς
1703 2326 1795 2386 τῆς
1837 2326 1954 2375 ςυλ-

271 2404 433 2465 λαβῆς
480 2403 510 2465 ἢ
559 2406 650 2465 τῆς
700 2403 815 2466 ἑξῆς
865 2403 1132 2467 ἀρκτικόν,
1181 2403 1299 2456 οἷον
1347 2405 1440 2467 θής
1490 2405 1608 2455 θώς.
1689 2404 1731 2456 εἰ
1773 2406 1831 2456 δὲ
1873 2406 1954 2468 μή,

271 2483 367 2534 οὐκ
408 2483 532 2535 εἰςὶν
574 2483 783 2547 ἀληθῶς
825 2487 1013 2548 μακραὶ
1054 2485 1190 2537 ἀλλὰ
1230 2486 1413 2537 κοιναί.
1455 2485 1620 2536 —K

2083 2580 2085 2607 Ι

390 2631 473 2668 1-
480 2632 532 2670 15
567 2628 706 2684 Long
735 2632 806 2682 89,
825 2633 863 2670 2.
905 2628 1045 2672 schol.
1072 2629 1120 2671 in
1146 2629 1279 2673 Dion.
1307 2630 1411 2673 Thr.
1440 2634 1540 2683 510,
1559 2634 1614 2672 33
1639 2631 1652 2685 Η
1678 2635 1702 2672 6
1737 2629 1877 2673 schol.
1904 2630 1953 2672 in
2080 2625 2085 2700 ξ

270 2684 404 2728 Dion
430 2685 535 2728 Thr.
565 2691 663 2740 210
665 2664 709 2730 ἰ’6
2082 2735 2083 2738 ¹

391 2809 410 2845 1
447 2802 496 2847 δε
530 2818 616 2846 om.
646 2806 689 2848 U
706 2807 719 2861 ΙΙ
745 2809 770 2847 3
803 2803 939 2860 μέρος
970 2804 1107 2862 λόγου
1142 2805 1365 2862 ἀπαρτίζη
1401 2807 1486 2862 ΚΗ
1513 2811 1535 2848 6
1569 2805 1626 2848 τὰ
1657 2806 1763 2860 περὶ
1794 2805 1851 2849 τὰ
1878 2807 1941 2850 U

268 2860 808 2978 ἓξλῗαλβεέἒνολσύμφωνα
836 2865 887 2906 Κ
905 2866 918 2919 Η
946 2870 981 2906 1.
976 2870 998 2905 3
1032 2865 1295 2923 διάστασιν]
1321 2865 1588 2920 παράθεσιν
1616 2865 1688 2921 ΠΗ
1715 2869 1768 2908 16
1795 2865 1950 2923 φύσει]
