2060 3168
47 1465 103 1503 23

530 183 650 224 XVI.
677 182 805 223 XVII
837 181 980 222 ΠΕΡΙ
1010 179 1181 221 ΕΠΩΝ
1213 179 1431 220 ΧΩΑῼΝ
1717 177 1824 230 289

138 318 392 385 λαγαρός,
433 314 495 369 ἐν
534 312 594 368 δὲ
633 322 708 388 τῷ
740 314 882 368 τέλει
914 314 943 368 ὁ
977 314 1350 383 δολιχόουρος,
1391 312 1458 365 ὃν
1495 311 1586 366 καὶ
1624 334 1825 384 μακρο-

137 402 299 466 σκελῆ
348 414 510 466 φασι,
557 395 648 450 καὶ
696 396 725 450 ὁ
772 398 1050 466 μείουρος·
1100 394 1196 457 οὓς
1242 395 1331 447 καὶ
1371 394 1523 462 πάθη
1564 404 1675 447 τῶν
1713 397 1824 448 στί-

138 499 251 548 χων
291 481 442 548 φασί.

251 561 296 612 1.
352 559 782 628 Προκέφαλος
829 555 932 612 οὖν
979 557 1152 627 ἐστιν,
1203 558 1335 610 ὅταν
1381 555 1443 610 ἐν
1482 556 1619 627 ἀρχῇ
1665 561 1824 610 πλεο-

134 641 276 711 νάσῃ
318 641 564 710 συλλαβὴ
604 640 676 703 ὡς
715 639 776 694 ἐν
813 646 889 711 τῷ
929 637 988 711 (δ
1012 637 1144 710 682)
1872 660 1891 692 5

284 721 317 790 ἢ
358 721 635 791 εἰπέμεναι
675 723 920 792 δμωῇσιν
952 719 1253 788 Ὀδυσσῆος
1290 722 1472 773 θείοιο

135 805 226 858 καὶ
266 803 326 856 ἐν
364 810 439 876 τῷ
474 801 550 875 (E
571 801 705 875 349)

286 885 318 954 ἢ
351 886 451 954 οὐχ
484 885 603 948 ἅλις
636 885 750 938 ὅττι
783 894 1047 953 γυναῖκας
1071 883 1368 946 ἀνάλκιδας
1392 884 1762 953 ἠπεροπεύεις.

134 967 418 1031 πλεονάζει
459 968 562 1036 γὰρ
605 966 664 1019 ἐν
702 967 919 1028 τούτοις
958 963 1096 1035 [καὶ]
1138 964 1468 1034 ἀμφοτέροις
1506 965 1566 1017 τὸ
1606 967 1654 1034 ἤ.

249 1049 297 1100 2.
339 1047 682 1117 Άκέφαλος
721 1047 798 1115 δέ,
839 1047 971 1100 ὅταν
1010 1045 1072 1100 ἐν
1110 1054 1173 1116 τῇ
1215 1046 1351 1116 ἀρχῇ
1393 1046 1610 1116 ἐλλείπῃ
1644 1049 1823 1118 χρόνῳ
1850 1067 1892 1100 10

137 1131 210 1193 ὡς
250 1129 311 1182 ἐν
349 1136 423 1202 τῷ
461 1128 554 1201 (Ψ
573 1128 631 1199 2)

286 1210 472 1279 ἐπειδὴ
513 1212 648 1279 νῆάς
684 1230 741 1263 τε
781 1211 871 1263 καὶ
903 1209 1310 1278 Ἑλλήσποντον
1349 1210 1535 1263 ἵκοντο

137 1293 225 1345 καὶ
267 1292 327 1345 ἐν
365 1300 440 1364 τῷ
475 1290 552 1363 (A
578 1291 670 1362 70)

287 1374 347 1436 ὃς
384 1371 489 1444 ᾔδη
529 1374 595 1426 τά
633 1393 690 1426 τε
730 1375 876 1427 ὄντα.

139 1457 311 1508 λείπει
349 1458 452 1524 γὰρ
495 1455 554 1508 ἐν
592 1456 808 1517 τούτοις
848 1461 921 1527 τῷ
953 1456 1148 1526 πρώτῳ
1187 1452 1317 1507 ποδὶ
1350 1456 1550 1523 χρόνος
1582 1447 1659 1516 εἷς
1689 1455 1825 1524 πρὸς
1851 1474 1892 1506 15

138 1537 239 1605 τὴν
277 1545 375 1589 τοῦ
415 1536 617 1606 μέτρου
658 1538 939 1589 σύστασιν.

250 1618 298 1670 3.
353 1619 750 1687 Προκοίλιος
790 1616 868 1684 δέ,
909 1616 1041 1669 ὅταν
1080 1615 1142 1670 ἐν
1179 1624 1253 1689 τῷ
1293 1617 1438 1690 μέσῳ
1477 1618 1754 1687 πλεονάσῃ
1794 1618 1826 1687 ἢ

139 1701 385 1769 συλλαβῇ
425 1698 458 1767 ἢ
498 1701 700 1770 χρόνῳ·
740 1700 986 1768 συλλαβῇ
1026 1698 1144 1768 μέν,
1184 1700 1256 1761 ὡς
1296 1698 1356 1752 ἐν
1396 1705 1469 1770 τῷ
1507 1697 1575 1769 (B
1600 1697 1732 1769 544)

285 1781 544 1850 θώρηκας
584 1778 767 1849 ῥήξειν
807 1780 981 1847 δηΐων
1019 1779 1160 1849 ἀμφὶ
1201 1783 1480 1849 στήθεσσι.

136 1862 419 1926 πλεονάζει
466 1862 570 1929 γὰρ
620 1861 678 1913 ἐν
724 1861 864 1933 <τῷ>
911 1862 1084 1929 δηΐων
1130 1862 1163 1930 ἡ
1212 1883 1245 1913 ι.
1286 1864 1465 1933 χρόνῳ
1514 1861 1598 1930 δέ,
1647 1861 1719 1923 ὡς
1765 1859 1826 1913 ἐν
1852 1881 1893 1914 20

137 1949 214 2014 τῷ
254 1941 331 2015 (A
359 1941 450 2014 17)

284 2023 555 2093 Άτρεῖδαί
588 2043 645 2076 τε
685 2022 774 2076 καὶ
815 2024 971 2076 ἄλλοι
1012 2023 1336 2093 ἐϋκνήμιδες
1376 2023 1587 2093 Ἀχαιοί.

137 2106 419 2170 πλεονάζει
459 2106 562 2172 γὰρ
604 2103 664 2157 ἐν
703 2112 776 2176 τῷ
806 2096 909 2157 W
940 2108 1149 2174 χρόνος.

249 2187 298 2239 4.
344 2188 640 2255 Λαγαρὸς
680 2186 756 2254 δέ,
798 2186 865 2238 ὅν
899 2206 1045 2249 τινες
1083 2186 1173 2240 καὶ
1208 2188 1507 2256 σφηκοειδῆ
1541 2190 1825 2252 καλοῦσιν,

139 2267 168 2320 ὁ
214 2269 349 2321 κατὰ
402 2269 463 2320 τὸ
517 2266 687 2334 μέσον
733 2266 954 2336 ἐλλιπὴς
1000 2271 1179 2340 χρόνῳ
1226 2267 1258 2336 ἢ
1316 2270 1586 2337 συλλαβῇ,
1642 2268 1714 2329 ὡς
1765 2266 1826 2319 ἐν
1850 2289 1891 2321 25

138 2357 213 2421 τῷ
253 2348 310 2420 (κ
335 2347 428 2420 60)

287 2433 356 2499 βῆ
398 2429 445 2482 δ’
487 2433 563 2492 εἰς
604 2432 814 2483 Αἰόλου
853 2432 1024 2483 κλυτὰ
1064 2432 1304 2497 δώματα·

139 2511 372 2564 ἐλλείπει
412 2513 516 2580 γὰρ
556 2513 691 2564 κατὰ
731 2513 789 2564 τὸ
832 2533 860 2564 ο
902 2514 1097 2581 χρόνος
1137 2511 1169 2580 ἢ
1209 2515 1469 2580 συλλαβή.

261 2676 315 2714 24
358 2671 577 2729 ἑπιχειλὲς
616 2670 782 2728 μέτρον
814 2671 991 2728 λέγεται
1022 2673 1073 2715 τὸ
1115 2672 1173 2728 μὴ
1206 2676 1395 2727 πλῆρες,
1437 2669 1533 2715 ἀλλ’
1565 2671 1824 2728 ἀπομεσού-

140 2745 280 2785 μενον
314 2730 455 2774 schol.
489 2731 563 2788 (V)
597 2731 735 2774 Arist.
762 2731 877 2786 Equ.
903 2736 988 2775 814

262 2875 286 2913 5
315 2874 512 2929 συλλαβῇ
539 2871 677 2915 Turn.
728 2876 751 2914 6
778 2866 804 2926 ἦ
826 2871 1050 2915 Homerus
1067 2873 1081 2927 ‘¹
1101 2878 1153 2914 12
1180 2888 1226 2916 τε
1252 2886 1340 2914 om.
1362 2872 1406 2914 Y
1423 2874 1436 2927 l}
1466 2877 1517 2914 14
1542 2870 1598 2914 τά
1623 2868 1665 2914 τ’
1688 2869 1822 2915 ἐόντα

144 2928 368 2973 Homerus
393 2933 407 2987 Η
432 2935 484 2973 27
520 2932 607 2988 βῆν
641 2931 705 2981 εἰς
735 2931 961 2974 Homerus
990 2934 995 2987 ι
1025 2931 1164 2974 κλυτὰ
1196 2931 1437 2985 Homerus,
1470 2930 1587 2973 κατὰ
1620 2931 1752 2975 codd.

232 3013 494 3045 Hm’ruzsno
519 3013 576 3045 ed.
594 3013 882 3045 Consbruch.
1505 3010 1555 3046 1¹.)
