2060 3168
175 138 199 179 I
227 138 374 179 ΠΕΡΙ
402 139 633 182 ΠΟΔΩΝ.
696 141 742 182 Π
771 140 917 182 ΠΕΡΙ
945 141 1071 183 TOT
1102 141 1380 184 ΗΡΩΙΚΟΤ
1409 143 1651 184 ΜΕΤΡΟῩ
1719 141 1826 194 339

173 272 221 325 9.
260 274 560 342 χορίαμβος
613 273 673 327 ἐκ
726 282 936 344 μακρᾶς
980 321 1007 327 -
1054 275 1144 327 καὶ
1200 276 1303 328 δύο
1358 278 1632 345 βραχειῶν
1669 298 1699 329 ὕ
1737 275 1826 329 καὶ

283 364 492 424 μακρᾶς
522 402 549 408 -
583 354 892 425 ἐξάχρονος,
931 347 1054 409 οἷον
1092 357 1457 425 Δημογέρων·

137 435 220 488 10.
262 435 625 499 ἄντίσπαστος
676 436 734 490 ἐκ
781 439 1036 507 βραχείας
1066 468 1097 491 υ
1126 438 1216 491 καὶ
1268 439 1371 491 δύο
1422 447 1648 508 μακρῶν
1676 463 1707 483 =
1737 439 1826 492 καὶ

281 519 540 586 βραχείας
569 548 600 571 υ
633 516 942 587 ἑξάχρονος,
982 511 1104 572 οἷον
1144 517 1512 590 Ἀρίσταρχος·

137 598 220 651 11.
263 600 484 662 ἰωνικὸς
530 599 635 652 ἀπὸ
683 603 933 668 μείζονος
979 599 1038 653 ἐκ
1095 601 1197 654 δύο
1251 611 1478 668 μακρῶν
1515 625 1545 645 z
1583 599 1674 653 καὶ
1723 602 1825 654 δύο
1874 622 1893 654 5

281 683 555 750 βραχειῶν
585 703 615 734 ῠ
647 679 954 750 ἑξάχρονος,
995 674 1118 734 οἷον
1157 684 1508 751 Δημηγόρος·

137 761 220 814 12.
262 763 482 824 ἰωνικὸς
520 762 621 815 ἀπ’
660 762 957 825 ἐλάσσονος
996 762 1054 815 ἐκ
1094 764 1197 816 δύο
1236 767 1510 834 βραχειῶν
1539 785 1569 816 ῠ
1599 762 1689 816 καὶ
1723 764 1826 816 δύο

280 853 503 913 μακρῶν
534 869 564 888 Ξ
597 843 906 914 ἑξάχρονος,
946 837 1068 898 οἷον
1104 847 1414 913 Διομήδης·

136 925 218 978 13.
275 925 547 993 ἐπίτριτος
606 936 822 995 πρῶτος
877 925 936 978 ἐκ
989 928 1245 995 βραχείας
1286 957 1316 979 υ
1358 926 1448 979 καὶ
1501 935 1674 995 τριῶν
1727 946 1826 992 μα-

278 1016 428 1077 κρῶν
458 1023 488 1059 Ξ
521 1005 870 1076 ἑπτάχρονος,
911 999 1034 1060 οἷον
1073 1006 1425 1076 Ἀριστείδης·
1849 1029 1892 1062 ιο

135 1088 217 1140 14.
260 1088 530 1158 ἐπίτριτος
571 1090 828 1153 δεύτερος
868 1088 926 1141 ἐκ
965 1097 1175 1158 μακρᾶς
1206 1136 1232 1142 -
1265 1090 1353 1142 καὶ
1386 1092 1645 1157 βραχείας
1674 1119 1706 1141 υ
1733 1089 1825 1142 καὶ

281 1170 383 1222 δύο
423 1179 649 1238 μακρῶν
679 1195 707 1214 ;
740 1170 1089 1239 ἑπτάχρονος,
1130 1162 1252 1223 οἷον
1290 1169 1631 1239 Ἀρχιμήδης·

135 1250 217 1303 15.
259 1250 533 1319 ἐπίτριτος
578 1253 760 1321 τρίτος
808 1251 867 1303 ἐκ
914 1252 1016 1304 δύο
1065 1262 1351 1320 μακρῶν;
1381 1250 1470 1304 καὶ
1509 1253 1766 1320 βραχείας
1795 1282 1826 1304 υ

279 1331 370 1385 καὶ
409 1341 677 1401 μακρᾶς
711 1332 1060 1402 ἑπταχρονος,
1100 1325 1223 1385 οἷον
1263 1331 1653 1401 Δημοσθένης·

135 1413 218 1466 16.
260 1413 532 1481 ἐπίτριτος
581 1414 837 1481 τέταρτος
889 1413 947 1466 ἐκ
998 1423 1170 1482 τριῶν
1218 1425 1506 1482 μακρῶν-
1481 1461 1512 1466 -
1550 1412 1640 1466 καὶ
1691 1416 1824 1482 βρα-
1849 1435 1889 1468 15

280 1499 427 1563 χείας
457 1526 488 1548 υ
520 1494 869 1564 επτάχρονος,
909 1487 1031 1549 οἷον
1070 1498 1500 1564 Καλλίστρατος.

867 1687 991 1756 Cap.
1024 1686 1089 1739 II.

509 1805 672 1876 Περὶ
713 1814 827 1860 τοῦ
867 1806 1154 1875 ἡρωϊκοῦ
1194 1804 1450 1875 μέτρου.

245 1925 289 1976 1.
355 1928 425 1976 To
483 1925 724 1994 ἡρωϊκὸν
778 1924 980 1991 μέτρον
1035 1922 1328 1992 ἑξαμετρόν
1380 1923 1549 1976 ἐστιν·
1605 1921 1659 1986 ἓξ
1715 1924 1819 1990 γὰρ

130 2007 308 2075 χώρας
361 2004 486 2074 ἔχει.
576 2007 673 2069 τὰς
726 2006 826 2073 μὲν
877 2001 982 2058 οὖν
1035 2004 1195 2058 πέντε
1250 2005 1608 2072 συγκειμένας
1655 2006 1714 2056 ἔκ
1763 2024 1819 2056 τε
1845 2027 1887 2060 20

130 2087 405 2140 δακτύλου
444 2087 535 2140 καὶ
575 2089 897 2141 σπονδείου·
947 2086 1122 2139 ἐνίοτε
1162 2084 1220 2139 δε
1260 2085 1351 2139 καὶ
1391 2086 1821 2154 παλιμβακχειον

127 2169 218 2222 καὶ
259 2169 616 2237 ἀμφίμακρον
656 2168 884 2238 δέχεται,
923 2170 1208 2237 καθαροὺς
1238 2167 1425 2234 μέντοι
1459 2166 1548 2220 καὶ
1582 2167 1642 2219 ἐν
1674 2166 1820 2228 τάξει

130 2250 407 2303 δακτύλου
446 2249 751 2317 κειμένους·
792 2282 861 2287 -
902 2248 1142 2319 καθαροὶ
1183 2248 1249 2302 δέ
1284 2250 1443 2317 εἰσιν,
1484 2249 1617 2301 ὅταν
1649 2247 1820 2315 ἀπαρ-

129 2333 378 2396 τίζωνται
426 2333 503 2394 εἰς
548 2330 712 2399 μέρος
759 2334 927 2399 λόγου
975 2330 1064 2383 καὶ
1103 2332 1205 2399 τὴν
1245 2329 1650 2399 ἐπιφερομένην
1690 2333 1820 2382 συλ-

129 2414 305 2481 λαβὴν
366 2410 565 2481 ἔχωσιν
627 2412 732 2466 ἀπὸ
798 2414 1114 2482 φωνήεντος
1176 2410 1504 2481 ἀρχομένην·
1565 2441 1631 2448 —-
1697 2402 1818 2463 οἷόν
1843 2431 1883 2464 25

130 2493 244 2546 ἐστι
283 2494 343 2546 τὸ

203 2576 478 2643 πλάγχθη,
506 2575 618 2627 ἐπεὶ
649 2577 846 2644 Τροίης
872 2575 1024 2645 ἱερὸν
1047 2578 1385 2643 πτολίεθρον
1410 2577 1637 2642 ἔπερσεν
1662 2574 1717 2639 (α
1743 2570 1816 2643 2).

248 2747 274 2784 4
306 2740 589 2798 Ἀρίσταρχος
621 2742 764 2786 schol.
790 2742 922 2787 Pind.
950 2741 1018 2786 Ol.
1043 2741 1064 2784 I
1094 2758 1138 2798 p.
1169 2747 1237 2796 12,
1258 2747 1310 2784 10

250 2895 271 2932 1
308 2891 392 2933 δύο
426 2903 512 2933 om.
541 2892 585 2934 B
609 2892 623 2945 [Ι
648 2894 673 2932 3
707 2887 1008 2939 ἀντίπαιστος
1040 2891 1085 2933 Β
1109 2891 1123 2946 ΙΙ
1148 2894 1203 2932 22
1236 2887 1452 2946 δέχονται
1483 2889 1529 2931 Β

1459 2961 1546 3004 22*
