2090 3158
274 179 344 232 36
472 181 893 223 ΗΦΑΙΣΤΙΩΝΟΣ
923 183 1313 224 ΕΓΧΕΙΡΙΔΙΟΝ
1345 183 1490 223 ΠΕΡΙ
1518 181 1779 223 ΜΕΤΡΩΝ.

498 319 748 385 Κρῆσσαι
788 317 858 368 νύ
897 315 1030 368 ποθ’
1078 311 1172 369 ὧδ’
1221 315 1487 383 ἐμμελέως
1524 318 1790 369 πόδεσσιν

497 395 757 466 ὠρχεῦντ’
805 396 1054 449 ἀπαλοῖσ’
1103 396 1236 466 ἀμφ’
1285 397 1509 466 ἐρόεντα
1547 399 1760 464 βωμόν·

273 476 393 531 ἔνια
449 475 508 530 δὲ
564 478 622 530 ἐκ
675 486 801 545 μιᾶς
864 480 1085 546 ἰωνικῆς
1138 480 1226 531 καὶ
1284 479 1385 531 δύο
1447 487 1777 548 τροχαῑκῶν,
1841 470 1963 530 οἷον

277 558 412 630 (Alc.
446 558 540 630 38)

230 663 250 696 5
505 642 864 710 Τριβώλετερ·
906 642 972 694 οὐ
1012 643 1115 711 γὰρ
1149 641 1471 711 Ἀρκάδεσσι
1511 643 1674 710 λώβα.

390 723 473 791 (4)
523 725 643 775 Τῶν
684 719 744 775 δὲ
775 722 1149 792 τετραμέτρων
1185 722 1584 792 ἑπισημότατόν
1617 723 1729 775 ἐστι
1758 726 1964 792 βραχυ-
1996 727 2090 787 [69]

275 803 613 872 κατάληκτον
652 805 712 856 τὸ
752 805 1095 871 καλούμενον
1137 805 1475 857 Σωτάδειον·
1519 812 1683 857 τοῦτο
1732 801 1791 856 δὲ
1830 804 1965 856 κατὰ

274 887 371 947 τὰς
401 894 545 954 τρεῖς
577 887 755 954 χώρας
788 885 999 954 δέχεται
1026 887 1254 955 ἰωνικὴν
1280 888 1562 954 συζυγίαν,
1595 886 1964 955 ἢτροχαϊκήν,

277 966 309 1034 ἢ
349 968 449 1035 τὴν
489 965 540 1029 ἐξ
582 966 922 1020 ἀναπαίστου
963 969 1051 1020 καὶ
1086 970 1402 1037 πυρριχίου,
1441 966 1473 1035 ἢ
1507 969 1607 1036 τὴν
1646 966 1706 1020 ἐκ
1743 967 1966 1036 τριβρά-

211 1070 253 1102 10
277 1068 398 1116 χεος
452 1048 540 1100 καὶ
595 1050 879 1117 τροχαίου,
935 1049 967 1118 ἢ
1017 1050 1117 1117 τὴν
1168 1048 1226 1102 ἐκ
1279 1057 1488 1118 μακρᾶς
1541 1049 1630 1101 καὶ
1685 1049 1966 1117 τεσσάρων

276 1132 565 1198 βραχειῶν,
606 1128 638 1196 ἢ
679 1130 780 1197 τὴν
820 1128 872 1193 ἐξ
914 1130 966 1194 ἒξ
1007 1133 1294 1200 βραχειῶν,
1336 1124 1459 1183 οἷον

485 1209 667 1279 “Ήρην
704 1210 840 1264 ποτέ
876 1227 1049 1280 φασιν
1089 1215 1200 1264 Διά
1238 1214 1336 1265 τὸν
1375 1210 1831 1281 τερπικέραυνον·
1999 1219 2053 1258 37

276 1291 359 1358 (5)
384 1292 472 1343 καὶ
505 1293 833 1361 τετράμετρα
867 1290 926 1345 δὲ
959 1293 1301 1361 ἀκατάληπτα
1326 1295 1606 1363 διαφόρως
1631 1292 1965 1345 συνέθεσαν·

275 1371 307 1439 ἢ
349 1373 451 1441 γὰρ
492 1374 675 1442 τρισὶν
716 1375 960 1436 ἰωνικαῖς
997 1378 1130 1441 μιάν
1168 1375 1464 1444 τροχαῖκὴν
1510 1375 1611 1442 τὴν
1649 1375 1967 1427 τελευταίαν

213 1476 253 1507 15
280 1452 556 1522 ἐπήγαγον
592 1486 657 1492 ——
692 1459 933 1507 καλεῖται
979 1453 1038 1508 δὲ
1072 1457 1356 1524 Αἰολικόν,
1398 1457 1481 1508 ὅτι
1523 1456 1739 1524 Σαπφὼ
1779 1459 1966 1526 πολλῷ

278 1535 424 1606 αὐτῷ
468 1535 731 1604 ἐχρήσατο
772 1568 843 1573 -
885 1531 1007 1590 οἷον
1048 1535 1270 1608 (Sapph.
1299 1537 1380 1588 76.
1409 1536 1501 1608 77)

426 1617 807 1686 εὐμορφοτέρα
838 1620 1162 1671 Μνασιδίκα
1192 1627 1287 1681 τᾶς
1319 1619 1528 1681 ἁπαλᾶς
1562 1621 1615 1670 Γ
1608 1620 1869 1687 υρίννως·
1895 1649 1967 1654 —-

426 1697 760 1767 ἀσαροτέρας
801 1699 1017 1766 οὐδαμά
1055 1701 1282 1768 πῶρανα
1322 1700 1489 1752 σέθεν
1528 1708 1814 1768 τυχοῖσαν·

280 1779 636 1850 (παρατηρεῖν
675 1777 736 1832 δὲ
768 1782 886 1849 χρή,
927 1781 1011 1833 ὅτι
1049 1782 1150 1849 τὴν
1181 1782 1403 1850 πρώτην
1436 1785 1699 1849 συζυγίαν
1730 1781 1822 1833 καὶ
1861 1780 1966 1834 ἀπὸ
2001 1785 2090 1843 [7οζ

213 1883 254 1914 20
276 1863 532 1929 βραχείας
578 1861 887 1930 ἀρχομένην
925 1870 1201 1931 ποιοῦσιν,
1254 1863 1432 1931 ὥσπερ
1474 1863 1561 1914 καὶ
1603 1861 1662 1914 ἐν
1701 1870 1816 1924 τοῖς
1853 1881 1966 1930 τρι-

277 1941 495 2009 μέτροις
533 1941 756 2011 (Sapph.
782 1942 868 2011 54,
893 1942 951 2013 3)

499 2026 635 2085 πόας
672 2023 829 2092 τέρεν
869 2026 1044 2086 ἄνθος
1081 2026 1326 2091 μαλακὸν
1364 2023 1657 2094 μάτεισαι·)

279 2103 454 2156 ε’νίοτε
494 2102 552 2156 δὲ
594 2104 821 2167 ἐναλλὰξ
862 2107 956 2167 τὰς
1006 2107 1226 2168 ἰωνικὰς
1276 2115 1393 2168 ταῖς
1439 2114 1750 2175 τροχαῖκαῐς
1795 2123 1965 2173 παρα-

401 2268 423 2305 7
458 2263 659 2308 Demetr.
695 2266 751 2308 de
792 2265 902 2308 eloe.
937 2281 979 2322 p.
1014 2270 1092 2317 41,
1119 2271 1189 2309 20.
1252 2266 1385 2310 Dion.
1423 2266 1526 2310 Hal.
1566 2266 1622 2309 do
1664 2280 1810 2321 comp
1843 2265 1965 2308 verb.

282 2336 317 2366 c.
335 2322 479 2424 lIVVpI.
511 2328 578 2377 17,
604 2329 642 2368 1
698 2325 810 2367 Mar.
838 2281 958 2367 Victl.
986 2325 1047 2367 VI
1079 2329 1155 2379 84,
1183 2330 1238 2368 25
1309 2328 1322 2382 ΙΙ
1394 2331 1446 2369 12
1489 2325 1658 2380 Oxyrh
1692 2340 1734 2381 p.
1768 2325 1810 2367 [I
1839 2339 1884 2380 p.
1910 2329 1966 2367 45

281 2395 333 2424 co

402 2519 423 2556 1
460 2512 562 2558 οὔδ’
593 2517 657 2570 A,
701 2515 807 2559 fort.
842 2517 900 2559 ab
933 2517 1001 2559 A¹
1034 2517 1082 2559 in
1122 2519 1187 2559 ωδ
1228 2532 1339 2561 corr.
1395 2521 1409 2574 ΙΙ
1464 2524 1487 2560 2
1522 2515 1738 2575 ὠρχεῦντ’
1768 2515 1969 2559 ἁπαλοῖο

281 2575 406 2627 AH,
441 2571 678 2631 ὠρχεῦνθ’
714 2574 915 2618 ἁπαλοῖσ
947 2578 981 2619 Ι
1003 2578 1017 2631 ΙΙ
1050 2579 1074 2618 5
1107 2575 1393 2633 τριβωλέτερ’
1430 2579 1461 2620 Ι
1488 2579 1502 2632 ΙΙ
1536 2582 1560 2620 6
1593 2577 1644 2620 τὸ
1677 2573 1966 2632 βραχυκατα-

282 2636 448 2703 ληκτον
481 2635 538 2676 Η
569 2636 582 2690 ΙΙ
625 2638 677 2676 10
703 2631 931 2707 τροχαίου
964 2636 1035 2688 Η,
1067 2643 1315 2692 τροχαικοῦ
1347 2637 1435 2680 ΑΙ
1481 2637 1496 2691 ΙΙ
1554 2640 1605 2678 11
1641 2633 1742 2678 οἷον
1774 2648 1861 2676 om.
1895 2634 1929 2675 Ι
1953 2635 1967 2689 ΙΙ

286 2695 337 2733 12
363 2687 509 2747 ’Ήρην
542 2695 575 2737 Ι
603 2695 608 2749 Ι
645 2691 789 2748 φάσιν
822 2694 886 2746 Α,
921 2695 1037 2748 φασὶ
1068 2695 1101 2736 Ι
1141 2697 1154 2750 ΙΙ
1203 2699 1257 2736 14
1289 2695 1393 2738 fort
1426 2693 1589 2750 post
1564 2712 1592 2750 η
1626 2693 1712 2750 γὰρ
1745 2691 1967 2735 nonnulla,

282 2750 635 2804 ἰῃτθτοίᾱοωῃτς
682 2751 737 2795 cf.
772 2728 941 2795 Tric⁷ha
979 2768 1022 2808 p.
1058 2757 1239 2806 293,13
1292 2756 1307 2810 ΙΙ
1363 2758 1417 2797 18
1457 2748 1914 2807 ἁσαροτέρασουδαμ’
1922 2751 1965 2795 ἀ

282 2808 476 2862 πώρανα
509 2811 574 2864 A,
607 2809 920 2866 ἀσσαροτέρας
960 2810 1194 2866 οὐδάμαπ’
1234 2811 1392 2867 ὤρανα
1424 2814 1458 2855 Ι
1493 2814 1498 2868 Ι
1547 2811 1739 2869 τύχοισα
1770 2810 1962 2867 Bergk}

283 2867 339 2910 cf.
376 2868 435 2910 ad
468 2882 647 2912 versum
675 2874 729 2912 14
763 2868 919 2913 Choer.
948 2874 1092 2924 80,10
1116 2873 1130 2926 ΙΙ
1163 2876 1216 2912 22
1249 2871 1465 2927 μάτοισαι
1498 2872 1555 2914 H
1583 2873 1597 2926 ΙΙ
1637 2875 1691 2913 23
1723 2872 1966 2924 παραλαμ-

284 2925 527 2985 βάνουσιν]
561 2927 989 2983 παραλλάττουσινῗ
1024 2929 1229 2972 studem.
