2090 3158
238 166 341 217 128
927 170 1159 212 ΣΧοΛΙΑ
1190 171 1229 213 Α

346 303 432 371 21,
461 303 529 355 10
583 305 980 372 καταληκτικὸν
1032 306 1404 375 πεντάμετρον
1461 308 1792 362 δακτυλικὸν
1847 311 1924 372 εἰς

235 386 574 452 δισύλλαβον
611 387 672 437 τὸ
711 384 801 438 καὶ
844 388 1138 454 Σιμμίειον

500 475 653 567 χαῖρε
693 467 825 530 άναξ
868 466 1022 537 ἑτάρε
1063 467 1260 530 ζαθέας
1297 469 1476 537 μάκαρ
1516 470 1670 537 ἡβας,

233 549 423 600 ποδῶν
461 550 733 618 τεττάρων
772 568 862 601 και
902 551 1195 615 συλλαβῶν
1235 550 1361 602 δύος
1400 581 1474 586 ——
1497 548 1715 622 AC(D)

188 649 208 680 5
348 629 525 697 21,11
570 631 866 698 Σιμμίειον
911 635 1153 683 καλεῖται
1201 629 1233 699 ἢ
1283 632 1367 684 ὅτι
1407 634 1649 700 Σιμμίας
1690 628 1851 734 εὗρεν
1890 633 1922 702 ἢ

235 710 318 762 ὅτι
365 711 512 762 πάνυ
559 714 927 779 κατεχρησατο
977 707 1140 773 οὗτος
1185 718 1259 784 τῷ
1299 712 1497 784 μέτρω·
1553 711 1644 765 καὶ
1684 712 1772 766 ἐπὶ
1812 723 1924 766 τῶν

234 792 416 844 ἄλλων
453 802 565 845 τῶν
603 793 874 845 τοιούτων
914 792 1135 861 ὁμοίως;
1174 825 1247 830 -
1271 793 1380 846 AC

344 874 430 942 21,
451 874 518 925 13
553 875 883 927 δακτυλικὸν
907 875 1270 944 τετράμετρον
1294 876 1372 938 εἰς
1401 876 1739 943 δισύλλαβον
1758 897 1922 929 κατα-

232 957 506 1022 ληκτικόν,
546 949 587 1027 ᾧ
623 954 886 1024 ἐχρήσατο
922 965 1136 1025 πρῶτος
1173 955 1492 1025 Ἀρχίλοχος,
1532 959 1722 1010 ποδῶν
1751 968 1923 1027 τριῶν

167 1056 208 1088 10
234 1037 322 1088 καὶ
363 1040 655 1103 συλλαβῶν
696 1038 820 1090 δύο;
859 1035 1178 1108 —AC(D)

342 1118 428 1187 22,
458 1118 484 1170 1
529 1119 863 1172 δακτυλικὸν
908 1122 1199 1188 τρίμετρον
1241 1121 1637 1188 καταληπτικὸν
1676 1122 1753 1183 εἰς
1793 1125 1922 1173 συλ-

232 1201 407 1267 λαβὴν
453 1201 512 1252 τὸ
561 1201 907 1269 καλούμενον
957 1201 1386 1270 πενθημιμερές,
1442 1202 1632 1254 ποδῶν
1681 1202 1782 1254 δύο
1831 1203 1920 1254 καὶ

230 1285 507 1349 συλλαβῆς
544 1290 692 1349 μιᾶςε
735 1315 803 1319 -—
828 1280 1000 1334 AGD

341 1363 434 1432 22,
464 1364 489 1415 1
550 1362 671 1416 ἀντὶ
725 1371 825 1416 τοῦ
881 1364 1020 1432 πρὸς
1075 1363 1177 1416 δύο
1233 1364 1407 1426 πόδας
1460 1372 1556 1432 τῆς
1609 1367 1920 1426 τελευταίας

158 1464 203 1495 15
231 1448 517 1514 συλλαβῆς.
597 1446 699 1497 δύο
747 1446 850 1513 γὰρ
892 1448 1191 1512 συλλαβαῖς
1231 1447 1404 1498 λείπει
1446 1445 1473 1498 ὁ
1517 1446 1630 1514 δῆξ
1661 1447 1803 1508 ποὺς
1843 1447 1920 1509 εἰς

231 1527 526 1580 δάκτυλονε
567 1525 885 1598 ——A(CD)

340 1607 476 1676 22,5
504 1609 834 1661 δακτυλικὸν
862 1609 1226 1678 τετράμετρον
1258 1609 1655 1677 καταληκτικὸν
1680 1609 1757 1670 εἰς
1789 1614 1920 1662 συλ-

228 1690 404 1758 λαβην
427 1691 488 1742 τὸ
518 1690 862 1756 καλούμενον
889 1688 1276 1760 εφθημιμερές,
1310 1693 1351 1762 ςὸ
1377 1689 1642 1759 ἐχρήσατο
1669 1688 1916 1758 Ἀλκμάν,

228 1773 419 1824 ποδῶν
458 1781 626 1842 τριῶν
665 1771 754 1823 καὶ
795 1774 1071 1840 συλλαβῆς
1109 1779 1255 1838 μιᾶςε
1302 1804 1361 1810 ——
1391 1771 1564 1825 ACD

155 1872 204 1903 το
340 1853 425 1922 22,
453 1854 481 1904 7
526 1855 858 1906 δακτυλικὸν
903 1854 1269 1922 τετράμετρον
1316 1852 1689 1921 ἀκατάληπτον
1728 1854 1919 1906 ποδῶν

229 1933 546 2005 ὁλοκλήρων
584 1936 880 2004 τεττάρωνε
920 1967 993 1971 -
1017 1934 1189 1987 ACD

339 2017 424 2084 22,
454 2018 521 2068 12
563 2022 770 2085 εἴρηται
811 2015 1081 2085 ἀνωτέρω,
1122 2019 1178 2069 τί
1213 2015 1327 2069 ἐστι
1367 2017 1602 2114 στροφηε
1641 2016 1790 2067 -Α

340 2098 425 2163 22,
454 2097 519 2149 18
573 2098 632 2150 τὸ
687 2099 936 2150 αἰολικὸν
986 2098 1202 2160 πάντως
1253 2095 1362 2166 ἔχει
1409 2099 1507 2151 τὸν
1553 2106 1773 2167 πρῶτον
1819 2117 1916 2150 ενα

228 2188 338 2232 τῶν
393 2179 767 2246 δισυλλάβων,
822 2180 920 2232 τὸν
975 2176 1036 2231 δε
1090 2182 1430 2246 τελευταῖον,
1485 2179 1582 2231 εαν
1635 2182 1668 2247 ᾐ
1719 2178 1914 2231 ἀκατά-

162 2281 201 2312 25
229 2264 453 2327 ληκτον,
502 2260 775 2312 δάκτυλον
822 2260 854 2328 ἢ
901 2262 1187 2329 κρητικόν,
1243 2280 1340 2313 εαν
1395 2260 1455 2313 δὲ
1501 2262 1914 2328 καταληκτικόν,

227 2343 292 2393 τὰ
331 2341 435 2393 άπὸ
477 2341 690 2393 τούτων
727 2341 1065 2408 μεμειωμένα
1106 2343 1182 2404 εἰς
1222 2342 1577 2410 δισύλλαβον,
1617 2343 1915 2394 σπονδεῖον

227 2422 259 2490 ἢ
299 2431 575 2492 τροχαῖον,
614 2421 646 2490 ἢ
688 2425 765 2485 εἰς
804 2425 1108 2491 συλλαβήνε
1154 2454 1216 2460 -—
1244 2421 1356 2475 AC

348 2574 458 2611 11-
467 2573 519 2611 13
553 2570 616 2619 et
634 2571 745 2611 17—
752 2572 804 2611 19
839 2568 1010 2611 schol.1³
1039 2567 1136 2624 (lib.
1162 2568 1219 2625 V)
1252 2583 1296 2624 p.
1327 2573 1394 2622 17,
1413 2574 1498 2611 4-
1505 2573 1527 2610 7

376 2691 459 2728 —3
492 2685 608 2744 ἥβας
644 2700 730 2729 om.
766 2687 814 2730 D
838 2688 851 2742 Η
885 2691 908 2728 2
943 2684 1151 2741 σίμμειον
1184 2688 1231 2729 et
1261 2687 1337 2729 hie
1370 2687 1416 2729 et
1449 2691 1473 2728 5
1508 2685 1638 2728 codd.
1665 2687 1679 2742 ΙΙ
1706 2689 1728 2727 7
1764 2684 1911 2728 ἄλλων

227 2752 316 2788 τῶν
351 2747 416 2799 A,
457 2745 603 2788 άλλων
637 2744 687 2789 δὲ
718 2752 809 2788 τῶν
845 2746 882 2789 G
923 2748 936 2801 11
984 2750 1010 2789 8
1043 2749 1171 2790 δακτ.
1190 2750 1291 2788 —9
1324 2743 1431 2802 Αρχ.
1466 2758 1553 2788 om.
1580 2745 1629 2788 D
1675 2747 1688 2800 ΙΙ
1737 2749 1910 2787 14-16

227 2805 275 2847 in
308 2805 355 2847 D
388 2804 535 2859 p1i0r‚
576 2805 624 2847 in
659 2805 697 2849 G
732 2804 882 2848 altera
912 2804 1050 2847 huius
1084 2804 1249 2847 scholii
1281 2818 1389 2860 pars
1423 2803 1553 2847 deest
1598 2805 1612 2859 Η
1661 2807 1714 2846 15
1748 2805 1910 2847 συλλα

227 2864 332 2920 βαῐς
364 2864 427 2917 Κ,
460 2864 679 2921 συλλαβαὶ
712 2864 771 2918 A,
804 2866 1039 2921 συλλαβῶν
1072 2865 1120 2907 D
1160 2866 1173 2919 ΙΙ
1221 2869 1273 2906 22
1307 2863 1395 2906 hoc
1427 2876 1517 2917 quo
1549 2862 1784 2918 pertineat
1814 2876 1908 2905 non

228 2924 297 2965 est
321 2925 334 2978 [Ι
359 2928 412 2965 23
445 2922 600 2966 πάντα
637 2923 673 2966 C
