2090 3158
29 637 113 676 126

694 167 762 206 ΙΠ
781 175 866 207 1—3
899 167 1042 207 ΠΕΡΙ
1073 166 1287 207 ΠΟΔΩΝ
1731 168 1831 219 111

263 301 344 368 11,
371 301 436 352 21
482 299 579 353 ἐὰν
617 300 650 368 ἡ
697 301 981 353 τελευταία
1026 301 1272 369 συλλαβὴ
1321 308 1419 354 τοῦ
1469 302 1697 355 ἰωνικοῦ
1737 310 1835 356 τοῦ

148 380 248 435 ἀπ’
286 380 583 444 ἐλάσσονος
622 385 849 451 βραχεῖα
888 381 1128 450 γένηται,
1167 381 1475 451 εὑρίσκεται
1514 386 1693 436 παίων
1723 386 1836 453 τρί-

148 479 262 526 τος·
303 462 400 516 ε’ἀν
438 460 500 516 δὲ
539 462 567 516 ὁ
609 463 715 516 ἀπὸ
755 465 1001 532 μείζονος
1041 463 1142 530 τὴν
1173 465 1399 532 πρώτην
1428 467 1692 534 βραχεῖαν
1723 464 1836 535 ἔχῃ,

146 545 455 615 εὑρίσκεται
496 545 524 598 6
566 546 824 614 δεύτερος
861 546 1061 597 παίωνι
1103 574 1171 581 —
1197 544 1368 597 ADI
1430 585 1447 594 -

262 627 344 696 11,
371 627 439 679 26
481 626 587 679 ἀπὸ
628 636 739 679 τῶν
779 625 832 690 ἓξ
871 626 1063 679 ποδῶν
1102 635 1213 678 τῶν
1253 625 1562 695 ἑξαχρόνων
1599 626 1835 698 τέσσαρα

144 707 313 778 μέτρα
359 710 632 777 γίνονται,
680 709 746 761 τά
784 727 841 761 τε
882 709 1075 761 ἰωνικὰ
1112 708 1200 760 καὶ
1240 709 1302 760 τὸ
1344 711 1706 779 χοριαμβικὸν
1745 709 1835 764 καὶ

145 790 205 843 τὸ
254 789 702 842 ἀντισπαστικόν’
760 789 896 857 ἅπερ
942 792 1187 842 καλεῖται
1234 789 1499 860 ἐπιπλοκὴ
1547 793 1834 863 τετραδικὴ

147 870 422 940 ἐξάσημος.
500 871 562 924 ἓν
618 872 720 941 γὰρ
777 869 976 940 μέτρον
1032 870 1092 922 τὸ
1150 872 1378 924 ἰωνικὸν
1423 871 1528 925 ἀπὸ
1575 875 1835 940 μείζονος.

144 962 240 1022 τῆς
293 952 419 1006 κατ’
473 953 646 1023 ἀρχὴν
701 943 976 1020 συλλαβῆς
1031 953 1448 1023 λαμβανομένης
1509 957 1719 1022 γίνεται
1773 956 1834 1007 τὸ

145 1037 344 1088 λοιπὸν
390 1036 776 1104 χοριαμβικόν,
831 1032 921 1086 καὶ
969 1042 1062 1102 τῆς
1111 1035 1369 1104 δευτέρας
1420 1036 1836 1105 λαμβανομένης

146 1121 354 1186 γίνεται
394 1115 495 1169 ἀπ’
526 1115 825 1178 ἐλάσσονος
866 1117 1105 1183 ἰωνικόν,
1145 1117 1234 1169 καὶ
1275 1125 1369 1186 τῆς
1407 1119 1591 1186 τρίτης
1631 1122 1836 1188 λαμβα-

144 1198 379 1268 νομένης
440 1199 500 1251 τὸ
564 1197 992 1251 ἀντισπαστικὸν
1055 1198 1278 1263 γίνεται.
1370 1198 1459 1251 καὶ
1517 1195 1675 1253 οὗτοι
1734 1201 1837 1267 μὲν

145 1281 331 1344 οὕτως.
410 1280 438 1334 ὁ
480 1277 539 1333 δὲ
583 1282 775 1349 ἴαμβος
811 1280 1103 1348 γινόμενος
1142 1281 1274 1345 μετὰ
1311 1289 1423 1332 τῶν
1462 1284 1836 1349 χοριαμβικῶν

143 1363 231 1415 καὶ
281 1362 718 1415 ἀντισπαστικῶν
764 1362 824 1414 τὸ
873 1360 1157 1429 ἐπίμικτον
1201 1370 1371 1426 ποιεῖ,
1416 1360 1444 1412 6
1486 1358 1546 1413 δὲ
1586 1371 1836 1430 τροχαῖος

1862 1061 1903 1094 10

144 1445 277 1512 μετὰ
307 1453 419 1496 τῶν
446 1446 685 1496 ἰωνικῶν
708 1451 856 1495 ποιεῖ
879 1444 939 1495 τὸ
965 1441 1250 1511 ἐπίμικτον
1274 1441 1495 1512 μέτρονε
1525 1474 1594 1479 -
1620 1441 1839 1496 ACDI
1860 1469 1901 1501 15

260 1525 343 1593 11,
374 1525 442 1576 27
484 1526 545 1578 τὸ
589 1524 978 1591 ἀνακλώμενον
1015 1522 1219 1593 μέτρον
1257 1525 1517 1576 τοιοῦτόν
1557 1522 1722 1591 ἐστιν,
1763 1524 1836 1587 ὡς

147 1607 374 1659 ἰωνικὸν
406 1600 548 1659 εἶναι
587 1607 648 1659 τὸ
684 1605 784 1658 ἀπ’
809 1605 1106 1668 ἐλάσσονος
1137 1606 1283 1658 τόδε.
1325 1606 1628 1673 ααββααββ.
1686 1606 1719 1674 ἡ
1753 1625 1835 1658 τε-

146 1690 369 1740 λευταία
422 1695 521 1740 τοῦ
575 1688 797 1755 πρώτου
852 1688 1023 1750 ποδὸς
1078 1686 1378 1740 ἀνακλᾶται
1440 1684 1527 1739 ἐπὶ
1581 1688 1682 1756 τὴν
1737 1695 1834 1740 τοῦ

146 1768 410 1837 δευτέρου
450 1770 731 1838 ἄρχουσαν
763 1772 1043 1839 βραχεῖαν,
1083 1769 1155 1831 ὡς
1189 1762 1329 1821 εἶναι
1363 1768 1423 1820 τὸ
1457 1777 1679 1836 πρῶτον
1712 1768 1834 1822 ἀντὶ

146 1852 373 1904 ἰωνικοῦ
411 1854 627 1904 παίωνα
666 1854 870 1921 τρίτον,
911 1853 971 1904 τὸ
1006 1848 1066 1904 δὲ
1101 1852 1362 1919 δεύτερον
1395 1848 1676 1919 ἐπίτριτον
1711 1852 1834 1903 δεύ-

144 1951 327 1999 τερον;
368 1964 436 1969 —
463 1930 683 1985 AGDI

259 2014 342 2083 19,
370 2014 438 2066 10
477 2014 509 2083 ἡ
557 2015 660 2082 γὰρ
707 2015 887 2083 μακρὰ
935 2016 1011 2077 είς
1051 2014 1152 2067 δύο
1192 2015 1450 2082 βραχείας
1489 2013 1834 2083 ἀναλυομένη

144 2096 241 2147 τὸν
281 2105 501 2164 χορεῖον
538 2105 684 2148 ποιεῖ
722 2094 812 2148 καὶ
854 2091 1015 2158 οὗτος
1053 2097 1152 2148 τὸν
1191 2097 1515 2164 χοριάμβον;
1555 2126 1627 2131 -
1658 2095 1712 2147 A

259 2177 343 2245 12,
371 2177 439 2229 10
486 2176 623 2246 φασὶ
672 2178 774 2246 γὰρ
815 2178 914 2230 τὸν
953 2185 1212 2247 τροχαῖον
1251 2174 1342 2229 καὶ
1383 2185 1622 2245 χορεῖον;
1666 2209 1733 2213 —
1767 2177 1835 2229 Af

265 2364 320 2402 22
355 2358 411 2403 cf.
447 2359 621 2403 schol}
652 2374 697 2416 p.
727 2363 826 2414 137,
847 2365 958 2403 1-3
993 2362 1038 2404 et
1071 2359 1176 2404 adn.

267 2520 288 2558 1
323 2522 405 2558 τοῦ
439 2513 546 2572 ἀπ’]
581 2512 664 2558 ἀπ’
691 2516 828 2571 ΒΙΙΒ
863 2514 1165 2571 ὁοω.1)1]4
1199 2514 1222 2559 6
1257 2518 1297 2559 6.
1331 2530 1376 2558 π.
1412 2515 1504 2569 εὑρ.
1531 2515 1710 2570 D1u5
1744 2522 1835 2559 τῶν

146 2575 282 2631 (post.
316 2574 434 2631 loco)
468 2588 555 2618 om.
584 2576 628 2618 Α
681 2576 695 2630 ΙΙ
751 2579 775 2617 6
808 2576 915 2630 post
948 2575 1113 2618 ἰωνικὰ
1146 2575 1251 2618 add
1282 2574 1318 2617 C
1347 2573 1432 2618 δύο
1487 2575 1501 2629 ΙΙ
1551 2578 1572 2614 7
1608 2572 1720 2628 οπερ
1757 2574 1795 2618 C
1821 2577 1834 2630 ΙΙ

146 2638 170 2676 8
203 2633 255 2677 τὸ
288 2633 452 2707 μέτρον
487 2634 525 2677 C
565 2636 580 2689 ΙΙ
619 2638 644 2677 9
678 2632 783 2676 κατ’
811 2633 960 2692 ἀρχὴν
994 2635 1217 2692 συλλαβῆς
1249 2635 1356 2687 DI,
1389 2631 1490 2676 κατ’
1521 2633 1668 2690 ἀρχης
1699 2634 1795 2677 AC
1821 2636 1834 2690 ΙΙ

148 2697 200 2735 12
233 2695 341 2749 post
365 2690 542 2750 γίνεται
569 2693 605 2737 C
635 2693 741 2736 add.
769 2690 867 2736 εἶτα
893 2693 1082 2737 ἰωνικὸν
1108 2694 1200 2737 ἀπὸ
1234 2691 1441 2749 μείζονος
1464 2694 1477 2747 ΙΙ
1504 2696 1555 2734 17
1585 2693 1834 2765 ααββααββ

147 2751 324 2808 scripsi,
338 2753 572 2822 δαββαββ
602 2754 662 2805 A,
702 2753 889 2809 δαμβαβ
920 2755 954 2796 Ι
989 2754 994 2810 Ι
1036 2767 1120 2808 pro
1153 2751 1331 2796 τόδε-
1351 2751 1379 2807 ἡ
1412 2752 1460 2794 in
1492 2752 1541 2794 D
1573 2750 1750 2808 λέγεται
1783 2753 1832 2796 δὲ

147 2809 291 2861 οὕτως
324 2809 391 2854 ὅτι
434 2814 439 2868 Ι
482 2825 566 2867 pro
607 2810 1063 2855 τόδε-ἀνακλᾶται
1103 2812 1151 2855 in
1186 2812 1221 2856 C
1250 2812 1505 2854 ἀνακλᾶται
1541 2809 1592 2854 δὲ
1624 2810 1651 2866 ἡ
1684 2813 1834 2855 τελευ-

145 2885 279 2913 ταιου
311 2878 393 2914 τοῦ
425 2872 608 2925 πρώτου
632 2872 646 2926 ΙΙ
674 2875 726 2913 19
754 2872 977 2928 βραχεῖαν
1002 2885 1088 2914 om.
1116 2872 1165 2915 D
1229 2875 1282 2913 23
1309 2867 1442 2919 οὗτος
1465 2869 1643 2925 scripsi,
1679 2870 1732 2913 οὐ
1758 2872 1833 2926 A

147 2934 202 2971 24
239 2928 295 2972 cf.
331 2929 435 2973 adn.
471 2929 531 2972 ad
565 2933 664 2983 110,
690 2934 743 2972 10

1860 1878 1902 1910 20
