2090 3158
245 175 316 227 64
874 173 1295 215 ΗΦΑΙΣΤΙῼΝΟΣ

243 312 420 378 κόμμα
467 310 555 362 καὶ
602 310 657 362 τί
699 313 880 361 κῶλον
925 306 1015 361 καὶ
1062 311 1119 360 τί
1163 308 1434 376 σύστημα,
1483 305 1626 373 ὅμως
1663 303 1925 375 παρέντες

245 391 396 459 ἡμεῖς
441 391 542 459 τὴν
588 391 850 458 τοιαύτην
897 389 1289 457 ἀκριβολογίαν
1343 388 1431 440 καὶ
1481 395 1676 456 ταῦτα,
1731 390 1923 455 καίπερ

244 473 379 524 κατὰ
409 475 588 540 κόμμα
621 470 984 540 γεγραμμένα,
1009 472 1145 524 κατὰ
1169 471 1357 539 στίχον
1381 469 1698 540 γεγράφθαι
1725 467 1922 539 φαμέν·

246 552 475 624 (Gallim.
506 551 634 624 118)

202 650 218 680 5
745 628 778 695 ἡ
817 634 942 688 παῖς
980 626 1013 694 ἡ
1052 625 1450 692 κατάκλειστος,

746 710 846 776 τὴν
885 708 942 760 οἵ
978 722 1114 775 φασι
1153 708 1401 768 τεκόντες

748 790 1006 851 εὐναίους
1043 788 1342 858 ὀαρισμοὺς

747 869 936 939 ἔχθειν
975 864 1100 923 ἴσον
1139 869 1371 941 ὀλέθρῳ.

180 1078 221 1109 10
1053 1054 1118 1107 Π.

363 1180 486 1228 Τῶν
526 1176 585 1228 δὲ
625 1177 758 1227 κατὰ
799 1177 987 1244 στίχον
1018 1175 1083 1226 τὰ
1122 1173 1222 1242 μέν
1262 1172 1376 1226 ἐστι
1416 1173 1596 1242 μικτά,
1635 1174 1701 1226 τὰ
1741 1170 1801 1226 δὲ
1842 1173 1924 1227 οὔ.

357 1256 464 1309 Καὶ
510 1258 672 1323 μικτὰ
717 1255 842 1325 μέν,
893 1257 966 1318 ὡς
1013 1257 1067 1308 αἱ
1114 1255 1455 1324 Μενάνδρου
1502 1256 1803 1327 κωμῳδίαι·
1853 1264 1927 1324 πῆ

243 1339 344 1405 μὲν
383 1339 485 1408 γὰρ
525 1339 854 1407 τετράμετρα
895 1337 955 1390 ἐν
993 1344 1066 1409 τῷ
1102 1337 1247 1409 αὐτῷ
1281 1339 1559 1405 ποιήματι,
1602 1344 1675 1405 πῆ
1718 1334 1777 1390 δὲ·
1815 1339 1929 1406 τρί-

244 1440 410 1488 μετρα
457 1419 784 1489 εὑρίσκεται·
838 1420 904 1471 τὰ
951 1419 1012 1471 δὲ
1059 1420 1282 1487 ἄμικτα,
1334 1419 1407 1481 ὡς
1454 1419 1510 1471 αἱ
1550 1417 1786 1487 Ὁμήρου
1836 1417 1929 1487 ῥα-
1962 1428 2016 1467 66

178 1521 218 1553 15
243 1502 461 1573 ψῳδίαι.

1039 1618 1132 1671 111.

354 1738 435 1805 (1)
460 1741 583 1790 Τῶν
609 1738 669 1790 δὲ
694 1739 827 1790 κατὰ
854 1739 1170 1806 συστήματα
1193 1737 1586 1806 γεγραμμένων
1604 1738 1670 1789 τὰ
1693 1736 1794 1806 μέν
1812 1735 1926 1790 ἐστι

244 1820 379 1871 κατὰ
410 1818 612 1888 σχέσιν,
644 1820 710 1872 τὰ
742 1816 801 1871 δὲ
834 1818 1230 1888 ἀπολελυμένα,
1262 1820 1328 1871 τὰ
1361 1819 1422 1871 δὲ
1453 1820 1677 1887 μετρικὰ
1710 1820 1926 1887 ἄτακτα,

177 1920 219 1951 20
243 1901 307 1952 τὰ
359 1900 419 1953 δὲ
470 1899 523 1963 ἐξ
575 1900 806 1970 ὁμοίων,
861 1902 925 1953 τὰ
977 1898 1036 1953 δὲ
1086 1901 1247 1970 μικτὰ
1301 1901 1696 1969 συστηματικά,
1747 1902 1813 1953 τὰ
1867 1901 1926 1954 δὲ

243 1983 401 2034 κοινὰ
440 1982 829 2050 συστηματικά·
871 1983 994 2052 περὶ
1035 1978 1113 2035 ὧν
1154 1982 1404 2052 ἐροῦμεν.

354 2063 439 2131 (2)
456 2064 610 2116 Κατὰ
635 2063 825 2133 σχέσιν
847 2065 949 2132 μὲν
974 2060 1077 2118 οὖν
1101 2063 1232 2133 ἐστι,
1255 2063 1287 2117 ἃ
1313 2064 1600 2117 δουλεύων
1624 2063 1928 2118 ἀνταποδό-
1953 2069 2078 2126 [122]

244 2158 326 2196 σει
365 2145 453 2197 καὶ
494 2144 860 2214 ἀνακυκλήσει
900 2145 927 2198 ὁ
967 2147 1195 2214 ποιητὴς
1232 2146 1450 2214 γράφει.

354 2227 435 2294 (3)
447 2225 845 2296 Άπολελυμένα
863 2227 940 2295 δέ,
960 2227 991 2280 ἃ
1010 2229 1124 2296 εἰκῆ
1144 2227 1443 2296 γέγραπται
1460 2227 1550 2279 καὶ
1575 2228 1708 2279 ἄνευ
1725 2226 1926 2296 μέτρου

364 2376 416 2414 12
451 2371 621 2415 schol.B
647 2377 687 2426 8,
710 2377 759 2415 11
774 2387 870 2428 sqq.
917 2375 922 2427 1
965 2372 1251 2427 Μενάνδρου
1287 2370 1545 2431 κωμῳδίαι]
1578 2373 1691 2415 Mar.
1718 2372 1838 2416 Viet.
1866 2372 1928 2414 VI

244 2435 314 2486 56,
333 2436 402 2474 25.
438 2436 596 2485 57‚14.
633 2436 702 2486 78,
724 2436 775 2475 19
816 2434 830 2487 Η
871 2436 1043 2475 22—23
1079 2432 1134 2475 cf.
1168 2432 1230 2475 10.
1259 2431 1344 2476 Sic.
1379 2432 1427 2475 in
1460 2431 1677 2488 Hermog.
1710 2431 1833 2474 RhG
1866 2431 1927 2474 VI

246 2495 344 2543 112,
363 2495 550 2533 24-26.
576 2490 710 2534 Dion.
736 2490 841 2533 Hal.
869 2491 925 2534 de
951 2505 1098 2547 comp,
1125 2491 1246 2534 verb.
1273 2505 1309 2535 c.
1331 2496 1385 2533 25
1410 2507 1454 2547 p.
1473 2495 1731 2543 125,8-2Ο
1756 2493 1770 2546 Η
1795 2496 1851 2533 24
1874 2490 1925 2534 τὸ

243 2548 487 2604 λελυμένον
512 2549 657 2593 Procl.
686 2550 849 2593 chresb.
876 2566 921 2606 p.
949 2555 1048 2604 245,
1074 2555 1124 2592 11
1161 2550 1429 2606 (Wesbph.);
1472 2549 1743 2605 ἐκλελυμένα
1784 2549 1924 2592 schol.

244 2607 368 2663 (RV)
401 2608 449 2650 in
481 2608 619 2652 Arist.
647 2609 762 2652 Ran.
792 2613 927 2662 13093
961 2608 1017 2652 cf.
1053 2609 1193 2653 schol.
1227 2609 1277 2651 in
1309 2609 1441 2652 Dion.
1469 2608 1575 2652 Thr.
1604 2613 1703 2661 243,
1724 2612 1776 2650 13

363 2744 386 2780 6
432 2739 514 2793 τήν
558 2740 601 2783 οἱ
642 2741 757 2794 φασὶ
798 2741 929 2783 codd.
985 2743 998 2796 Η
1053 2745 1078 2782 8
1119 2741 1278 2798 ἔχθειν
1312 2740 1539 2797 Scaliger,
1586 2741 1706 2798 ἔχειν
1746 2740 1875 2783 codd.
1911 2743 1923 2796 Η

247 2803 299 2839 12
339 2796 388 2840 αἱ
428 2812 514 2840 om.
550 2799 594 2842 A
639 2801 652 2854 ΙΙ
703 2804 753 2841 17
796 2799 1001 2855 σύστημα
1033 2801 1065 2842 Ι
1105 2802 1119 2855 ΙΙ
1167 2804 1221 2842 22
1258 2800 1488 2843 δουλεύων
1521 2798 1832 2843 ἀνταποδόσει
1865 2802 1922 2854 Α,

245 2856 638 2958 ἒὸσάἑγτέἶρὲώσει
670 2859 711 2910 Ι,
748 2854 1019 2901 δουλεύαντ’
1048 2859 1280 2901 ἀποδώσει
1309 2859 1374 2912 Η,
1406 2858 1686 2902 δουλεύοντα
1719 2859 1922 2903 ἀνταπο-
