2090 3158
812 187 848 228 I.
885 187 1029 227 ΠΕΡΙ
1058 187 1309 228 ΚΟΙΝΗΣ.
1875 186 1908 238 3

290 319 323 388 ἢ
364 322 442 384 εἰς
481 322 719 374 διπλοῦν
758 322 912 388 λήγει
952 311 1074 373 οἷον
1112 318 1185 386 ἕξ,

290 401 322 470 ἢ
362 403 464 471 τὴν
504 400 623 471 ἑξῆς
661 398 771 471 ἔχει
812 401 917 454 ἀπὸ
958 402 1158 455 διπλοῦ
1199 400 1510 470 ἀρχομένην
1549 394 1671 455 οἷον
1710 399 1825 466 ἔξω.

839 558 1003 626 Περὶ
1049 565 1290 626 κοινῆς.

155 678 181 716 5
325 669 411 738 (4)
451 671 628 738 Κοινὴ
670 671 878 737 γίνεται
919 670 1166 737 συλλαβὴ
1207 670 1343 722 κατὰ
1381 670 1619 739 τρόπους
1657 678 1827 738 τρεῖς·

125 754 188 813 [6]
399 752 520 819 ἤτοι
553 751 687 804 ὅταν
716 756 906 823 μακρῷ
938 753 1214 819 φωνήεντι
1246 749 1279 818 ἢ
1310 749 1673 821 μηκυνομένω
1713 750 1747 820 ἢ
1780 751 1908 819 διφ-
1956 771 1976 803 ε

212 835 403 904 θόγγῳ
445 831 767 901 ἐπιφέρηται
807 838 1034 900 φωνῆεν
1074 823 1196 884 οἷον

312 913 512 984 Ἄνδρα
551 933 646 982 μοι
684 910 878 966 ἔννεπε
916 920 1097 981 μοῦσα
1138 912 1196 984 (α
1224 911 1298 984 1),

322 996 580 1065 πλάγχθη
620 993 736 1048 ἐπεὶ
784 996 981 1065 Τροίης
1022 995 1174 1066 ἱερὸν
1211 997 1550 1063 πτολίεθρον
1590 993 1648 1065 (α
1675 994 1758 1066 2),

322 1085 422 1131 τοῦ
462 1076 594 1147 κέρα
634 1075 693 1130 ἐκ
731 1080 974 1145 κεφαλῆς
1012 1075 1455 1146 ἑκκαιδεκαδωρα
1496 1074 1574 1147 (A
1601 1075 1747 1147 109).

212 1159 349 1229 ρᾷον
380 1156 481 1226 μὲν
515 1163 620 1211 οὐν
654 1161 865 1226 γίνεται
897 1157 930 1225 ἡ
969 1157 1194 1225 τοιαύτη
1227 1161 1406 1227 κοινή,
1447 1158 1559 1226 εἴγε
1591 1157 1624 1225 ἡ
1658 1160 1906 1227 συλλαβὴ
1933 1179 1976 1211 10

211 1242 289 1338 εἰς
335 1238 499 1309 μέρος
547 1242 715 1308 λόγου
765 1242 799 1311 ᾖ
847 1239 1268 1309 πεπερατωμένη
1317 1240 1390 1302 ὡς
1430 1239 1491 1293 ἐν
1529 1248 1647 1302 τοῖς
1688 1257 1909 1308 προκει-

210 1321 397 1388 μένοις
429 1322 852 1390 παραδείγμασι,
885 1323 1265 1390 σπανιώτερον
1290 1321 1351 1374 δὲ
1382 1320 1470 1374 ἐπὶ
1496 1320 1662 1390 μέσης
1694 1320 1908 1386 λέξεως·

211 1403 277 1455 οὐ
304 1403 414 1471 μὴν
439 1401 556 1455 ἀλλ’
590 1403 734 1470 ὅμως
767 1403 1075 1472 εὑρίσκεται
1107 1403 1195 1455 καὶ
1222 1403 1456 1469 μάλιστα
1482 1402 1542 1455 ἐν
1574 1413 1688 1465 τοῖς
1719 1404 1909 1467 ἄλλοις

123 1490 187 1547 [7]
218 1483 455 1550 μέτροις·
505 1483 565 1536 ἐν
601 1484 706 1552 μὲν
746 1485 978 1556 ἰαμβικῷ
1012 1483 1289 1552 Αἰσχύλος
1337 1482 1397 1536 ἐν
1436 1486 1618 1554 Νιόβῃ
1660 1483 1816 1555 (155)

315 1562 532 1634 Ἴστρος
558 1566 812 1628 τοιαύτας
834 1565 1153 1634 παρθένους
1185 1563 1530 1635 [λοχεύεται]
1933 1587 1975 1620 15

121 1652 188 1710 [8]
223 1647 283 1700 ἐν
308 1647 370 1700 δὲ
395 1649 598 1719 ἰωνικῷ
615 1653 690 1719 τῷ
708 1647 814 1700 ἀπὸ
840 1650 1088 1714 μείζονος
1106 1647 1376 1699 Σωτάδου
1404 1645 1456 1710 ἐξ
1475 1645 1765 1709 Ἀδώνιδος
1781 1647 1909 1700 τόδε

325 1731 450 1782 τίνα
488 1738 600 1781 τῶν
638 1732 888 1781 παλαιῶν
930 1729 1190 1795 ἱστοριῶν
1228 1726 1412 1780 θέλετ’
1459 1726 1777 1781 ἐσακοῦσαι·

208 1808 270 1862 ἐν
310 1806 371 1862 δὲ
412 1810 816 1881 ἀντισπαστικῷ
858 1808 1241 1879 Ἀνακρέοντος
1280 1806 1364 1880 (1)

673 1892 706 1959 ἥ
747 1911 850 1944 κου
891 1899 998 1944 νῦν
1038 1889 1126 1944 ἐπὶ
1168 1894 1449 1960 Ληθαίου·

149 1983 174 2021 6
208 1974 291 2041 (5)
332 1972 392 2026 ἐν
433 1970 492 2026 δὲ
532 1982 646 2036 τοῖς
687 1975 840 2026 ε”πεσι
881 1974 1286 2040 σπανιώτερον,
1326 1973 1502 2036 οὕτως
1536 1975 1673 2026 ὥστε
1705 1975 1766 2027 τὸ
1804 1982 1903 2028 τοῦ
1930 1995 1972 2026 20

326 2140 469 2190 4eqq.
512 2134 568 2177 cf.
609 2133 743 2177 Dion.
771 2133 876 2176 Thr.
912 2139 936 2187 ξ
965 2138 1018 2176 10
1058 2149 1102 2190 p.
1131 2138 1207 2186 20,
1235 2140 1327 2177 4—
1340 2139 1419 2188 22,
1447 2139 1494 2187 23
1542 2134 1618 2177 Ar.
1647 2134 1802 2187 Quint.
1832 2140 1902 2188 30,

210 2198 373 2249 lsqq.;
415 2193 529 2237 Mar.
556 2193 676 2236 vict.
705 2193 766 2236 VI
799 2197 868 2246 27,
898 2198 951 2236 10
970 2207 1069 2248 sqq.
1110 2195 1124 2249 ΙΙ
1166 2198 1336 2236 10-11
1373 2169 1513 2237 scho'l.
1548 2194 1597 2236 in
1633 2193 1766 2237 Dion.
1794 2194 1900 2237 Thr.

208 2257 307 2306 350,
334 2257 415 2295 2-
424 2257 449 2295 3
487 2252 604 2314 ῥ’ᾆον
644 2251 802 2308 μέντοι
840 2251 1017 2309 γίνεται
1049 2253 1074 2309 ἡ
1115 2253 1306 2309 τοιαύτη
1347 2252 1505 2309 κοινή,
1546 2252 1631 2297 ἐὰν
1664 2255 1728 2304 εἰς
1768 2253 1904 2309 μέρος

208 2309 380 2425 λόγὲἔ9
401 2328 475 2414 22
482 2299 839 2368 πεπερατωμένη
894 2312 922 2368 ἡ
978 2311 1146 2368 μακρά.
1203 2314 1216 2366 ΙΙ
1281 2316 1335 2355 15
1384 2287 1597 2355 Eust'ath.
1650 2313 1709 2355 ad
1757 2330 1783 2355 κ
1817 2317 1901 2355 495

207 2386 237 2426 P

329 2531 348 2568 1
385 2517 441 2579 ἔξ
464 2528 511 2579 Ι,
546 2525 620 2579 εξῗ
645 2526 744 2582 (sic)
778 2528 827 2571 D
850 2528 864 2582 ΙΙ
890 2531 914 2569 2
948 2527 1031 2580 ἔξω
1064 2527 1200 2583 volg..
1235 2527 1317 2570 sed
1349 2526 1406 2570 cf.
1441 2526 1575 2570 Dion.
1602 2526 1708 2568 Thr.
1740 2531 1808 2580 19,
1836 2531 1860 2569 3
1887 2529 1900 2582 ΙΙ

208 2590 233 2627 3
266 2586 371 2640 περὶ
403 2593 564 2642 κοινῆς
595 2587 652 2638 Α,
689 2587 795 2638 περὶ
827 2593 988 2643 κοινῆς
1021 2587 1245 2644 συλλαβῆς
1285 2587 1354 2639 D,
1398 2599 1484 2629 om
1520 2587 1550 2628 Ι
1585 2588 1598 2641 ΙΙ
1639 2590 1664 2628 5
1698 2583 1899 2644 διχρόνῳ

208 2644 508 2703 μηκυνομένῳ
541 2647 590 2689 D
615 2648 678 2701 118
713 2644 901 2699 ἔπερσεν
934 2646 1039 2688 add
1076 2647 1197 2701 ΒΙΙΙ
1234 2650 1286 2688 15
1319 2646 1553 2702 λοχεύεται
1586 2644 1674 2688 del.
1708 2631 1897 2687 Wilam.

207 2704 437 2761 ἐξεύχεται
459 2690 700 2759 τρέφειν”
671 2721 694 2748 ο
720 2702 772 2747 θ’
802 2702 942 2761 ἁγνὸς
969 2707 1112 2755 Φᾶσις
1128 2704 1287 2748 Choer.
1295 2706 1323 2732 U
1327 2704 1665 2760 ,μνηστεύεται
1682 2703 1896 2747 Eustath.

208 2763 269 2805 ad
301 2780 327 2805 κ
361 2767 446 2806 495
479 2779 522 2819 p
551 2767 649 2815 389,
676 2768 731 2805 42
757 2766 770 2819 Η
794 2766 901 2819 post
928 2769 981 2807 15
1015 2764 1121 2807 add.
1153 2765 1241 2808 GP
1268 2739 1349 2806 καὶ
1374 2766 1623 2819 Σοφοκλῆς
1648 2763 1735 2819 (Αἰ.
1767 2766 1898 2818 1118)

212 2820 342 2866 ὀὐδ’
378 2821 438 2866 ἂν
469 2822 690 2878 τοιαύτην
722 2824 944 2878 γλῶσσαν’
972 2824 1053 2866 καὶ
1085 2822 1175 2879 μὴν
1208 2823 1286 2866 καὶ
1315 2821 1639 2878 Αριστοφάνης
1670 2822 1804 2877 (Rau
1827 2825 1898 2877 13)

212 2879 357 2935 ‘effu-59
388 2881 583 2937 ποιήσω’
611 2884 624 2937 ΙΙ
659 2886 712 2923 16
751 2886 812 2941 τῷ
841 2896 927 2925 om.
962 2883 1052 2926 DI
1076 2884 1082 2937 Ι
1109 2880 1215 2926 τόδε
1249 2895 1334 2924 om.
1364 2883 1394 2924 Ι
1420 2885 1434 2937 Η
1474 2886 1524 2923 17
1559 2882 1817 2925 ἐπακοῦσαι
1849 2882 1897 2924 D

210 2937 401 2982 Choer.U
427 2942 441 2995 ΙΙ
468 2945 520 2983 19
555 2939 661 2984 ἵκου
692 2928 822 2985 DI
855 2946 911 2984 20
942 2938 1014 2998 τὸ]
1048 2941 1123 2985 ἐπὶ
1157 2942 1206 2985 D

1575 3014 1628 3056 1*
