2060 3168
178 635 197 667 5

156 1039 198 1071 10

157 1532 198 1565 15

223 154 329 207 328
806 154 1057 194 APPEND.
1091 151 1329 193 DIONYS.

335 289 382 342 8.
422 289 804 356 κακόφωνος
843 285 908 339 δέ
944 285 1094 339 ἐστιν
1128 285 1155 337 ὁ
1195 285 1372 338 πολλὰ
1413 284 1706 352 φωνήεντα
1753 285 1914 352 ἔχων,

223 363 344 424 οἷον
385 371 441 441 (λ
469 367 596 438 128)

371 454 483 520 φήῃ
524 449 902 518 ἀθηρηλοιγὸν
940 445 1086 516 ἔχειν
1125 447 1230 500 ἀνὰ
1269 447 1512 517 φαιδίμῳ
1553 446 1694 517 ὤμῳ.

336 533 383 584 9.
438 531 784 599 λογοειδὴς
824 528 888 581 δέ
940 528 1089 581 ε’στιν
1129 527 1157 580 ὁ
1201 529 1486 597 πεζότερος
1523 535 1587 596 τῇ
1628 525 1914 594 συνθέσει,

224 605 346 665 οἷον
385 611 462 682 (Λ
487 610 617 682 680)

370 694 571 755 ἵππους
611 689 669 744 δὲ
711 691 918 755 ξανθὰς
959 690 1151 744 ἑκατὸν
1191 691 1279 742 καὶ
1319 690 1673 757 πεντήκοντα.

300 776 381 828 10.
422 773 834 844 προκέφαλος
875 771 1030 840 <δε’..>,
1071 763 1193 824 οἷον
1235 770 1310 842 (Ε
1335 770 1466 841 349)

371 857 403 925 ἢ
444 856 543 924 οὐχ
584 856 704 916 ἅλις
743 854 858 906 ὅττι
898 861 1163 921 γυναῖκας
1203 852 1501 914 ἀνάλκιδας
1538 851 1912 922 ἠπεροπεύεις.

300 938 380 989 11.
422 938 700 1005 σφηκίας
740 934 818 1003 δέ,
860 927 981 987 οἷον
1023 932 1233 1004 (Ι537)

371 1019 402 1087 ἢ
444 1015 703 1085 λάθετ’ἢ
745 1016 846 1069 οὐκ
886 1014 1131 1084 ἐνόησεν,
1172 1014 1375 1068 ἀάσατο
1418 1012 1477 1067 δὲ
1518 1014 1654 1083 μέγα
1693 1020 1862 1086 θυμῷ.

300 1101 382 1152 12.
425 1101 817 1167 δολιχοῦρος
858 1097 935 1164 δέ,
976 1089 1098 1150 οἷον
1138 1096 1217 1167 (Γ
1237 1095 1369 1167 237)

371 1180 631 1248 Κάστορά
683 1178 753 1231 θ’
801 1180 1111 1245 ἱππόδαμον
1157 1177 1247 1231 καὶ
1300 1177 1406 1242 πὺξ
1462 1178 1679 1246 ἀγαθὸν
1727 1180 1913 1230 Πολυ-

1289 1261 1498 1312 δεύκεα.

965 1393 1087 1462 Cap.
1114 1393 1177 1446 X.

859 1512 1022 1580 Περὶ
1062 1520 1290 1577 τομῶν.

336 1631 380 1682 1.
438 1633 615 1696 Τομαί
657 1631 762 1682 εἰσι
802 1629 1080 1698 τέσσαρες·
1133 1631 1570 1697 πενθημιμερής,
1611 1628 1914 1696 ἑφθημιμε-

223 1713 337 1781 ρής,
375 1713 509 1764 κατὰ
541 1714 731 1780 τρίτον
762 1719 1040 1780 τροχαῖον,
1080 1712 1411 1779 τετραποδιά
1443 1713 1757 1778 βουκολική.
1822 1707 1909 1761 καὶ

343 1877 369 1914 4
403 1871 458 1914 cf.
494 1871 635 1914 schol.
671 1871 732 1914 ad
765 1873 807 1913 ,Ω
833 1875 916 1913 476
949 1870 1204 1926 (Rauscher
1233 1885 1278 1926 p.
1306 1875 1381 1914 68:
1416 1871 1476 1921 ὡς
1506 1869 1748 1923 Σέλευκος,
1782 1869 1913 1926 ἔμμε-

222 1946 333 1985 τρον
358 1929 520 1973 λαλιὰν
555 1930 755 1986 ἔχουσιν)
781 1933 795 1986 Η
823 1934 1039 1982 15-330,
1061 1935 1113 1972 12
1139 1929 1230 1973 AV
1246 1934 1328 1973 158
1345 1944 1410 1985 sq.
1430 1956 1487 1960 —
1504 1929 1590 1972 An.
1618 1928 1738 1972 Chis.
1769 1934 1792 1982 ἓ
1813 1933 1851 1971 9.
1871 1932 1912 1972 8.

223 1989 294 2032 Ps.
320 1989 469 2045 Heph.
498 1994 521 2042 ξ
551 1994 617 2033 15.
665 1989 736 2032 Ps.
761 1989 883 2032 Plut.
910 1989 994 2032 VII
1019 1993 1118 2033 470.
1173 1988 1275 2032 Hel.
1303 1989 1424 2032 Mon.
1450 1987 1541 2031 AV
1562 1993 1643 2031 172
1679 1993 1702 2041 ξ
1731 1993 1769 2031 2.
1825 1988 1911 2031 An.

222 2048 379 2091 Ambr.
406 2048 496 2091 AV
517 2053 614 2091 215.
643 2075 697 2080 —
731 2051 936 2092 ceterum
969 2047 1026 2091 cf.
1061 2048 1117 2090 de
1152 2061 1447 2091 caesurarum
1481 2047 1714 2100 doctrina,
1754 2047 1803 2089 in
1836 2060 1914 2090 en—

224 2106 420 2150 chiridio
460 2122 552 2150 non
586 2107 820 2163 explicata
853 2107 952 2163 (sed
985 2107 1040 2150 cf.
1077 2106 1234 2151 Choer.
1263 2112 1362 2159 229,
1383 2108 1468 2163 16),
1509 2120 1545 2149 e.
1580 2121 1623 2163 g.
1650 2107 1726 2149 Ar.
1755 2105 1911 2158 Quint.

224 2171 498 2219 33,18—28.
535 2166 940 2220 Mar.Viet.V164,
960 2170 1029 2210 30.
1057 2170 1237 2220 114,st
1271 2167 1356 2208 An.
1377 2165 1459 2209 GL
1477 2165 1540 2207 VI
1558 2170 1656 2208 240.
1678 2169 1775 2208 645.
1808 2165 1910 2207 Ter.

221 2225 368 2268 Maur.
380 2225 442 2268 VI
464 2241 501 2268 v.
523 2229 633 2268 1669
647 2240 744 2280 sqq.
787 2225 937 2269 Diom.
962 2225 983 2268 I
1008 2230 1106 2278 497,
1127 2230 1167 2269 4.
1207 2225 1270 2268 Io.
1299 2225 1386 2268 Sic.
1411 2223 1534 2267 RhG
1561 2224 1621 2267 VI
1646 2229 1746 2278 487,
1766 2229 1791 2267 8
1810 2238 1911 2279 sqq.

222 2284 482 2339 (Ludwich:
515 2284 778 2327 Aristarehs
811 2285 983 2328 homer.
1009 2284 1235 2328 Textkrit.
1261 2283 1303 2327 11
1329 2286 1430 2340 357>

343 2429 364 2467 1
401 2423 424 2467 ὁ
457 2423 514 2467 τὰ
545 2423 690 2468 πολλὰ
722 2426 767 2468 Ρ
803 2426 816 2480 Η
857 2429 881 2467 6
916 2425 985 2481 δὲ]
1018 2440 1067 2468 τε
1099 2426 1144 2468 P
1175 2425 1180 2479 Ι
1218 2424 1426 2477 ξανθοὺς
1457 2425 1502 2467 P
1529 2425 1543 2479 Η
1570 2428 1711 2465 7—11
1747 2422 1807 2465 ad
1842 2426 1911 2466 10.

227 2488 292 2524 11.
323 2487 375 2526 12
409 2483 748 2526 interciderunt:
780 2483 1136 2538 explicationem
1171 2483 1228 2526 cf.
1253 2483 1325 2526 Pe.
1343 2482 1494 2538 Heph.
1521 2488 1544 2536 ξ
1571 2486 1648 2525 28²²
1671 2479 1911 2536 προπέφα-

223 2543 299 2591 λος
326 2577 334 2584 .
356 2577 362 2584 .
384 2576 392 2584 .
420 2541 442 2585 ὁ
479 2542 594 2599 ἔχων
625 2540 765 2586 πλέον
796 2548 879 2597 τῆς
905 2539 1236 2599 τετραχρονίας
1261 2577 1268 2584 .
1291 2578 1298 2585 .
1321 2577 1329 2585 .
1357 2539 1559 2597 σφηκίας
1591 2540 1613 2584 ὁ
1649 2538 1912 2596 ἐσφηκωμέ-

224 2616 304 2650 νος
328 2600 447 2644 κατὰ
475 2601 525 2644 τὸ
560 2600 698 2656 μέσον
726 2635 733 2643 .
763 2636 771 2644 .
802 2636 808 2643 .
837 2599 1133 2657 δολιχόουρος
1166 2601 1188 2644 ὁ
1223 2600 1411 2657 δολιχὴν
1443 2600 1559 2654 ὑπὲρ
1591 2600 1642 2643 τὸ
1675 2606 1911 2654 προσῆκον

225 2659 340 2714 ἔχων
373 2659 455 2714 τὴν
487 2659 633 2714 οὐρὰν
667 2659 813 2715 ἤγουν
844 2659 927 2715 τὴν
962 2659 1097 2716 ἕκτην
1125 2661 1352 2718 χώραν...
1374 2659 1586 2714 exempla
1615 2661 1723 2701 sunt
1747 2658 1911 2702 eadem

225 2719 364 2771 atque
398 2718 472 2761 hic
497 2720 510 2773 Η
536 2723 560 2761 8
593 2714 620 2774 ἦ
646 2718 871 2761 Homerus
897 2721 910 2774 Η
936 2723 959 2760 9
995 2716 1097 2762 οἷον
1122 2720 1182 2772 Ε,
1215 2733 1302 2762 om.
1330 2720 1433 2763 KP
1453 2720 1466 2773 ΙΙ
1495 2723 1545 2760 12
1573 2718 1627 2761 K
1655 2717 1759 2759 add.
1785 2715 1912 2767 τέλος

223 2783 304 2818 τοῦ
337 2777 442 2830 περὶ
475 2774 640 2833 στίχων
672 2783 753 2832 τῆς
782 2776 941 2828 λέξεως
971 2775 1237 2833 ἡᾷωδιανοῢ
1264 2777 1364 2834 (sic)
1388 2779 1401 2833 Η
1428 2782 1481 2820 15
1515 2790 1647 2832 capp.
1673 2775 1725 2818 X.
1752 2775 1814 2818 XI
1839 2776 1910 2820 ed.

225 2848 279 2877 ex
305 2836 350 2878 P
371 2835 531 2890 (Paris.
551 2838 682 2891 2881)
716 2838 762 2879 eb
790 2837 827 2893 Q
852 2836 1078 2891 (Ambros.
1106 2836 1141 2888 Q
1161 2841 1185 2879 5
1212 2837 1307 2880 ord.
1334 2851 1456 2892 sup.;
1490 2835 1547 2878 cf.
1573 2834 1656 2877 AV
1669 2839 1751 2877 152
1763 2837 1879 2891 sqq.)
1897 2833 1913 2892 Η

227 2898 279 2935 16
314 2892 485 2949 ἑφθημ.
505 2920 559 2926 -
582 2900 633 2937 17
667 2895 745 2938 καὶ
780 2909 866 2937 om.
894 2896 938 2938 P
