2090 3158
253 163 357 207 XIV
927 164 1260 205 PRAEFATIO

251 305 449 364 praesto
497 305 609 350 sint.
687 302 794 350 Iam
839 302 916 350 his
964 302 1155 349 omissis
1201 302 1475 363 periculum
1515 305 1589 350 est
1633 319 1694 350 ne
1733 319 1822 366 pro
1861 319 1940 352 re·-

250 393 361 423 rum
399 378 643 423 tenuitate
683 375 864 423 nimius
905 377 970 423 sit
1009 378 1292 437 apparatus.

362 450 565 497 Praeter
605 465 684 498 eos
719 465 841 511 quos
882 449 984 496 dixi
1023 450 1213 497 codices
1255 451 1506 497 rarissime
1547 452 1794 511 assumpsi
1831 451 1934 499 cod.

189 525 227 584 Q
251 523 632 571 Ambrosianum
665 522 704 579 Q
732 524 761 570 5
797 523 898 570 ord.
931 539 1036 584 sup.
1069 538 1105 571 s.
1130 523 1222 570 XV
1255 518 1323 589 (v.
1350 523 1451 569 AV
1474 522 1501 570 I
1521 525 1623 571 152
1639 539 1746 586 sqq.
1787 523 1938 572 GGA

254 598 392 644 1887
435 614 480 658 p.
518 595 662 659 608).
738 597 799 644 111
843 598 934 644 hoc
981 596 1150 644 insunt
1187 597 1271 645 fol.
1306 598 1570 645 56Υ-61γ
1614 598 1801 646 scholia
1838 598 1937 646 He-

251 664 606 732 phaestioneaA
655 671 884 719 continue
931 672 1117 731 scripta
1165 685 1277 718 cum
1325 671 1507 719 codicis
1546 671 1594 718 P
1630 686 1834 733 corpore
1873 672 1936 720 ad

250 745 453 791 verbum
506 760 662 806 usque
715 745 1049 808 congruentia.
1136 743 1279 793 Solus
1329 745 1368 805 Q
1422 745 1617 793 exhibet
1665 762 1712 807 p.
1749 747 1876 807 109,
1904 747 1933 794 9

250 818 465 881 Longini
516 835 716 879 nomen,
772 822 1013 866 attamen
1044 819 1284 866 traditum
1346 819 1451 867 illic
1506 834 1608 868 esse
1671 822 1820 881 atque
1873 819 1937 868 ad

249 895 409 940 totum
457 895 604 953 caput
654 894 898 953 pertinere
945 892 1177 941 concedes
1225 893 1401 954 opinor
1445 893 1566 941 locis
1611 909 1659 954 p.
1697 896 1824 953 111,
1852 895 1934 941 22.

255 967 373 1026 137,
402 967 446 1013 3.
491 967 610 1027 360,
640 968 704 1014 19
749 967 957 1014 collatis.

363 1040 542 1087 Totum
589 1034 926 1088 scholiorumA
966 1055 1141 1101 corpus
1186 1043 1244 1088 ut
1287 1056 1417 1088 nunc
1454 1041 1696 1088 traditum
1735 1044 1808 1090 est
1845 1041 1936 1088 mi-

250 1115 482 1161 serrimae
538 1117 653 1161 sunt
704 1115 946 1175 reliquiae
1001 1116 1466 1163 commentariorum
1515 1114 1730 1179 Longini
1784 1117 1935 1177 atque

252 1185 351 1234 Ori.
366 1180 406 1252 1)
484 1187 699 1250 Longini
745 1189 1086 1236 commentarii
1132 1188 1308 1236 umbra
1355 1189 1716 1250 quodammodo
1761 1189 1936 1237 relicta

251 1264 325 1308 est
363 1263 415 1308 in
455 1257 784 1310 scholiorumB
824 1262 952 1310 libro
991 1264 1166 1322 primo.

364 1364 605 1411 Scholia
658 1360 1186 1424 HephaestioneaB
1242 1381 1367 1427 quae
1421 1365 1731 1426 Westphalio
1794 1381 1934 1426 prae-

251 1442 394 1485 eunte
434 1439 684 1499 appellare
725 1438 939 1487 solemus
978 1440 1236 1486 minimam
1274 1442 1467 1500 partem
1507 1439 1569 1486 ad
1609 1439 1935 1487 enchiridium

250 1513 519 1572 pertinent,
575 1512 657 1559 scd
709 1512 959 1576 congeries
1007 1516 1121 1560 sunt
1168 1514 1422 1561 variorum
1468 1514 1935 1561 commentariorum

251 1587 442 1632 metrici
493 1587 784 1650 argumenti.
869 1585 1351 1635 Hoerschelmannus
1399 1588 1616 1649 quinque
1664 1587 1816 1635 libros
1863 1586 1934 1634 di-

251 1659 436 1706 stinxit.

359 1733 384 1779 I
437 1733 584 1780 Liber
622 1733 646 1779 I
694 1733 907 1781 efficitur
951 1734 1313 1796 prolegomenis
1351 1734 1568 1797 Longini
1613 1735 1817 1796 eiusque
1855 1749 1934 1782 ex-

249 1808 516 1867 plicatione
549 1823 648 1868 qua
685 1807 903 1868 primum
933 1807 1315 1868 Hephaestionis
1353 1809 1662 1856 enuntiatum
1700 1807 1932 1855 instituit.

359 1880 409 1927 Π
462 1881 520 1928 Ι11
568 1881 694 1928 libro
734 1881 785 1927 H
831 1883 1081 1930 coniuncti
1127 1884 1242 1930 sunt
1289 1883 1631 1929 commentarii
1675 1879 1784 1947 περὶ
1829 1879 1933 1930 ἐπι-

249 1957 458 2018 πλοκῆςς
504 1952 613 2019 περὶ
661 1954 904 2020 διαφορᾶς
951 1955 1137 2019 στίχου,
1183 1954 1344 2003 κώλου
1391 1953 1472 2003 καὶ
1511 1953 1779 2018 κόμματοςς
1824 1953 1934 2019 περὶ

250 2028 574 2091 συστήματος,
613 2026 722 2093 περὶ
754 2027 1009 2093 σχήματος.
1080 2028 1258 2090 Capita
1288 2029 1339 2076 H
1379 2033 1427 2077 et
1456 2029 1535 2076 III
1566 2045 1623 2077 ex
1663 2029 1932 2077 enchiridio

249 2102 426 2149 hausta
466 2106 594 2163 sunt,
634 2104 811 2163 capitis
845 2105 1010 2164 quarti
1040 2104 1223 2151 similia
1256 2106 1304 2151 et
1342 2105 1396 2150 in
1426 2103 1559 2152 haud
1590 2104 1761 2164 paucis
1793 2103 1932 2151 libris

249 2178 595 2237 manuscriptis
643 2174 841 2225 Graecis
889 2179 938 2224 et
983 2177 1115 2238 apud
1160 2179 1389 2226 metricos
1436 2176 1640 2226 Latinos
1682 2178 1932 2238 reperiun-

249 2253 350 2311 tur,
385 2250 789 2297 commentarium
821 2252 1037 2311 primum
1062 2251 1257 2298 etiamsi
1286 2267 1342 2298 ex
1373 2253 1580 2313 antiqua
1605 2251 1829 2298 doctrina
1858 2266 1931 2298 re-

250 2323 511 2383 petendum
538 2340 639 2372 esse
662 2326 960 2372 testimoniis
986 2326 1241 2386 evincitur,
1268 2328 1482 2373 ceterum
1513 2326 1564 2372 in
1593 2325 1733 2372 libris
1764 2325 1931 2372 metri·

250 2398 317 2443 cis
337 2395 534 2445 Graecis
561 2397 906 2446 desideramus.
949 2398 1043 2446 Sed
1069 2402 1117 2446 et
1139 2399 1269 2446 hunc
1293 2402 1342 2447 et
1367 2401 1599 2460 quartum
1621 2393 1690 2463 (p.
1710 2399 1812 2446 257
1826 2414 1931 2460 sqq.

253 2471 354 2517 263
376 2465 503 2535 sqq.)
555 2471 741 2519 rivulos
790 2487 891 2519 esse
940 2489 996 2520 ex
1042 2472 1451 2533 Hephaestioneis
1502 2472 1720 2520 fontibus
1770 2471 1931 2519 uberi-

371 2657 410 2707 1)
446 2654 603 2698 Choer.
631 2661 729 2708 212,
749 2660 803 2698 25
838 2656 882 2700 οἱ
915 2657 1019 2710 περὶ
1046 2652 1183 2711 Ὦρον
1216 2657 1295 2701 καὶ
1327 2663 1581 2713 Λογγῖνον,
1615 2659 1713 2710 180,
1733 2659 1789 2698 20
1821 2653 1930 2711 γνή-

252 2726 352 2756 σιον
382 2750 388 2756 .
419 2750 426 2757 .
456 2714 540 2757 .;ἐν
572 2720 653 2769 τῆς
691 2731 852 2770 κοινης
887 2714 1143 2770 μαρτυρίας
1173 2724 1264 2759 τῶν
1297 2715 1603 2772 ὑπομνήματα
1635 2713 1929 2770 ποιησάντων

251 2772 315 2821 εἰς
355 2771 481 2816 αὐτό.
515 2798 571 2804 —
604 2773 947 2838 Nonnunquam
988 2775 1036 2817 in
1077 2775 1217 2818 schol.
1222 2777 1251 2802 A
1283 2776 1344 2818 ad
1383 2775 1499 2818 alios
1537 2774 1662 2818 locos
1698 2786 1820 2816 nunc
1853 2773 1930 2814 de-

250 2831 456 2885 perditos
495 2831 795 2886 remittimur,
839 2848 883 2888 p.
913 2837 1018 2887 124,
1050 2838 1117 2876 22.
1161 2839 1266 2889 128,
1294 2839 1361 2876 22.
1406 2838 1584 2886 168,16
1618 2834 1712 2889 (96,
1743 2835 1827 2875 20?
1872 2831 1927 2874 c-f.

251 2894 350 2942 290,
373 2893 463 2947 11),
496 2890 780 2946 Hephaestio
813 2891 912 2947 ipse
944 2892 1233 2948 vituperatui
1263 2909 1307 2949 p.
1337 2897 1432 2946 134,
1454 2897 1521 2936 12.
